1967 3314
560 211 781 260 LIBRI
829 210 1069 260 SEXTI.

1462 217 1554 262 359

172 425 373 447 FERRANDUS.
490 445 625 467 PERGER-

495 550 535 581 Ve
539 562 626 583 ronae.

805 645 891 672 1495.

188 783 254 808 tant
262 778 414 818 placentur
467 784 535 808 cant
544 779 698 820 placentur

187 828 287 857 omnia
300 838 413 857 rursum
467 829 565 858 omnia
583 839 698 858 rursum

450 1620 530 1649 deest

450 1670 505 1699 has

452 1720 525 1748 bene
537 1720 588 1759 qui

453 1769 576 1808 Queque

395 1818 399 1822 ”
451 1818 566 1858 possint

451 1868 619 1908 praesertim

736 1620 817 1648 deest

171 1824 296 1859 possunt

171 1870 326 1910 presertim

738 1817 854 1856 possint

739 1865 903 1906 praesertim

172 2069 311 2107 antiquas
741 2063 878 2102 antiquas

172 2118 324 2157 religionis
457 2117 615 2157 religiones
741 2113 900 2153 religiones

174 2168 251 2198 acris
457 2168 534 2197 aeris
745 2163 823 2192 aeris

175 2217 344 2248 adsciscunt
458 2218 614 2248 addiscunt
743 2213 900 2243 addiscunt

176 2267 294 2298 miseris
459 2268 574 2298 miseris
745 2265 861 2295 miseris

177 2321 268 2355 queat
461 2322 559 2357 quaeat
746 2319 844 2353 quaeat

180 2371 328 2405 nequeant
463 2371 589 2406 nequeat
747 2367 873 2402 nequeat

179 2415 284 2454 cuique
463 2415 568 2454 cuique
747 2412 856 2451 quique

179 2465 248 2498 Qua
260 2475 328 2494 nam
464 2466 532 2500 Qua
544 2475 612 2494 nam
747 2463 815 2496 Qua
826 2473 894 2492 nam

182 2513 324 2543 terminus
466 2515 610 2544 cernimus
748 2513 894 2541 cemimus

182 2563 288 2592 herens
466 2566 573 2594 herens
750 2563 857 2591 herens

182 2624 262 2642 caeca

183 2663 298 2692 ratione

184 2712 259 2746 Quae

185 2762 311 2792 remittis

467 2624 549 2643 caeca

468 2663 581 2692 ratione
636 2685 639 2688 Α

751 2623 829 2642 caeca

751 2654 865 2691 ratione

752 2711 817 2744 Que

751 2760 864 2790 remitis

754 2811 811 2840 Dis

752 2860 782 2890 in
796 2860 887 2901 digna

420 392 542 413 PAULUS
557 393 693 413 mum-:N-
718 395 910 415 THEODORUS
925 395 966 414 DE

724 448 960 468 RAGAZONIBUS.

777 551 915 581 Venetiis.

160 928 235 961 Qnae
443 928 508 962 Que
729 929 803 963 Quae

159 977 269 1007 fuerint
442 977 552 1007 fuerint
729 977 839 1007 fuerint

161 1027 222 1056 sint
444 1027 505 1056 sint
730 1027 791 1056 sint

162 1076 281 1116 placato
445 1076 555 1115 placito
730 1075 841 1114 placito
887 1112 891 1118 ι
934 1095 938 1099 -

162 1127 263 1157 favore
445 1125 546 1155 favore
728 1124 830 1154 favore

164 1178 283 1206 Caetera
446 1175 564 1204 Caetera
731 1174 848 1204 Caetera

163 1237 230 1265 quae
446 1235 503 1263 que
731 1234 796 1262 quae

163 1276 295 1315 caeloque
445 1275 574 1314 caeloque
731 1273 859 1312 caeloque

161 1335 228 1354 cum
444 1328 543 1354 tamen
730 1326 829 1352 tamen

162 1374 275 1404 motibu
446 1375 593 1404 mentibus
731 1371 878 1401 mentibus

165 1424 207 1453 Et
218 1424 332 1454 faciunt
447 1423 493 1466 Et·
501 1423 615 1454 faciunt
734 1421 775 1450 Et
787 1420 901 1451 faciunt

163 1473 281 1503 humilis
446 1472 565 1502 humilis
733 1471 852 1501 humilis

164 1527 300 1562 premunt
446 1527 590 1561 praemunt
734 1525 878 1560 praemunt

167 1572 292 1612 Cognite
449 1572 538 1611 Cogit
551 1573 589 1601 ad
735 1571 824 1610 Cogit
837 1570 875 1599 ad

1068 425 1181 445 ALDUS.

756 786 825 819 cant
833 779 986 819 placentur
1039 780 1195 809 hortantur
1203 789 1271 818 spes

757 829 853 859 omnia
872 839 985 858 rursum
1041 834 1131 869 atque
1173 829 1259 858 obvia

1041 888 1157 909 rursum

1015 1077 1135 1117 placato

1016 1126 1117 1156 favore

1016 1176 1131 1205 Caetera

1017 1235 1085 1264 quae

1017 1269 1149 1314 caeloque

1018 1335 1084 1353 eum

1018 1374 1165 1403 mentibus

1019 1424 1060 1453 Et
1073 1423 1187 1454 faciunt

1016 1473 1153 1504 humileis

1018 1526 1155 1562 premunt

1021 1571 1110 1610 Cogit
1123 1571 1161 1600 ad

1021 1619 1101 1649 deest

1024 1670 1079 1699 has

1023 1719 1098 1748 bene
1111 1718 1162 1758 qui

1023 1768 1155 1807 Quaeque

1023 1817 1140 1856 possint

1024 1976 1134 2006 supera

1025 2016 1155 2046 aetheriis

1026 2065 1163 2104 antiquas

1026 2114 1192 2154 relligiones

1027 2214 1178 2244 asciscunt

1028 2263 1126 2293 miseri

1029 2317 1119 2352 queat

1030 2366 1157 2401 nequeat

1029 2411 1135 2449 cuique

1031 2471 1089 2499 qua
1102 2470 1170 2489 nam

1031 2509 1172 2540 terminus

1032 2555 1146 2588 haerens

1033 2619 1110 2639 caeca

1269 359 1273 411 .
1307 369 1349 388 Ex
1361 369 1524 392 TYPOGRA-

1276 422 1356 442 rmA
1373 423 1552 446 sommum-18

1270 484 1274 511 Ι
1319 476 1500 496 mmm-1⁸22
1506 490 1512 497 .

1066 536 1204 579 Venetiis.
1270 534 1275 609 1
1347 545 1484 587 Bz'ponti.

1089 643 1102 668 1
1107 644 1173 669 500.
1376 643 1391 668 1
1396 643 1462 672 782.

1329 780 1448 809 hortata
1459 784 1506 809 est
1514 784 1557 809 at-

1329 839 1386 868 que
1397 829 1484 859 obvia
1494 840 1556 859 cur-

1330 887 1365 907 su

1304 1232 1372 1261 quae

1304 1271 1436 1311 coeloqne

1304 1330 1371 1350 cum

1304 1370 1447 1400 mentibu’

1307 1419 1447 1450 Efficiunt

1307 1469 1443 1499 humileis

1306 1523 1442 1558 premunt

1307 1569 1396 1609 Cogit
1410 1569 1449 1598 ad

1307 1622 1338 1646 et

1307 1667 1370 1696 haec

1307 1718 1380 1746 bene
1394 1717 1444 1756 qui

1308 1767 1439 1805 Quaeque

1308 1816 1424 1856 possint

1308 1867 1472 1906 praesertim

1309 1917 1383 1950 Quae

1309 1976 1417 2006 supera

1310 2014 1440 2044 aetheriis

1310 2065 1449 2105 antiquas

1311 2115 1480 2155 relligiones

1311 2165 1404 2194 aereis

1311 2214 1481 2243 adsciscunt

1311 2264 1409 2294 miseri

1312 2318 1402 2353 queat

1312 2367 1439 2401 nequeat

1312 2411 1417 2452 cuique

1312 2462 1447 2496 Quanam

1312 2511 1455 2541 terminus

1313 2562 1426 2591 haerens

1313 2614 1377 2639 tota

1313 2660 1433 2700 regione
