1967 3314
211 474 412 498 FERRANDUS.

217 687 292 717 Sine
304 688 402 717 Anno.

192 775 320 816 coligere

192 825 272 855 deest

193 876 270 916 ignis

192 925 353 966 caelumque

193 976 271 1006 ferat

193 1026 289 1055 flamai

195 1085 310 1105 rursum

194 1126 271 1160 Quae

194 1175 330 1205 videntur

193 1225 316 1254 visenda
330 1234 398 1264 quae

192 1274 365 1313 praeclarius

134 1333 144 1338 “”
192 1333 282 1362 Supra

193 1371 312 1412 egregie

192 1421 378 1460 Quamquam

192 1471 266 1501 bene

193 1522 334 1552 divinitus

193 1572 359 1602 inveniente

192 1622 273 1652 adito

194 1671 300 1712 magis,
312 1683 400 1712 quam

195 1721 319 1760 tripodis

194 1769 274 1799 deest

196 1820 338 1860 lauroque

194 1870 332 1900 cecedere

196 1920 325 1949 Primum
335 1921 413 1960 quod

193 1976 330 2011 exempto

194 2020 294 2049 molles

193 2070 332 2109 Denique

188 2120 272 2150 ,deest

191 2170 303 2200 facient

191 2221 340 2250 minimum

195 2368 336 2398 Conicere

195 2419 291 2459 possis

196 2469 275 2508 quod

196 2529 263 2559 quae

195 2569 331 2609 quoniam

197 2620 294 2650 Molia

196 2681 261 2709 quae

195 2727 227 2750 ut
241 2720 292 2759 qui

195 2770 346 2810 vigescere

196 2831 294 2850 verum

194 2870 274 2900 deest

195 2920 317 2951 habebis

556 261 773 310 LIBRI
822 259 1072 308 PRIMI.

460 443 582 463 PAULUS
598 443 732 463 FMDEN-
756 443 948 463 THEonosz
964 443 1005 462 DE

527 497 663 517 PERGER.

479 782 619 822 colligere

478 831 558 861 deest

478 881 556 922 ignis

479 931 639 970 caelumque

479 981 556 1010 ferat

479 1031 595 1060 flamam

479 1092 595 1111 cursum

480 1130 546 1164 Que

479 1180 616 1209 videntur

481 1229 601 1259 visenda
613 1240 621 1258 ε
636 1239 692 1269 que

480 1279 640 1319 preclarius

481 1339 571 1368 supra

480 1379 609 1418 egregiae

480 1428 665 1467 Quamquam

481 1477 554 1506 bene

479 1526 621 1556 divinitus

481 1577 665 1606 invenientes

481 1625 563 1655 adito

481 1675 665 1715 magisquam

481 1725 605 1764 tripodis

482 1775 562 1804 deest

481 1825 564 1854 lauro

481 1873 612 1903 cecederi

484 1924 671 1962 Primumque

481 1977 619 2012 exempto

482 2023 585 2052 molles

483 2073 620 2112 Denique

481 2127 512 2151 et

481 2170 592 2200 facient

481 2221 615 2251 nimirum

481 2271 576 2310 quivit

481 2320 559 2354 Qum

482 2369 624 2399 Conicere

483 2424 584 2458 posset

484 2480 542 2508 que

484 2518 564 2547 deest

485 2569 620 2607 quoniam

487 2618 594 2648 Mollia

484 2679 540 2707 que

484 2724 516 2748 ut
531 2719 580 2758 qui

485 2770 635 2809 vigescere

485 2824 629 2857 utrunque

478 2869 542 2907 jam

484 2917 606 2948 habebis

763 496 998 516 RAGAZONIBUS.

814 598 953 628 Venetiis.

843 690 927 718 1495.

763 775 901 816 colligere

764 825 845 854 deest

765 875 842 915 ignis

765 925 923 965 caelumque

765 974 862 1004 ferant

765 1025 862 1054 flamai

766 1085 881 1104 rursum

765 1124 830 1158 Que

767 1173 905 1201 videntur

766 1223 905 1253 visenda:
917 1234 974 1262 que

766 1272 925 1312 preclarius

765 1333 855 1361 supra

765 1371 892 1412 egregiae

765 1422 950 1460 Quamquam

765 1471 838 1499 bene

766 1521 896 1550 divinitis

768 1572 948 1602 invenientes

768 1623 849 1653 adito

768 1673 953 1714 magisquam

768 1723 892 1762 tripodis

769 1772 849 1802 deest

769 1823 851 1852 lauro

769 1873 902 1902 cecederi

772 1922 960 1962 Primumque

768 1976 906 2011 exempto

768 2020 871 2051 molles

769 2071 906 2110 Denique

767 2125 799 2150 et

767 2171 878 2201 facient

768 2222 901 2251 nimirum

767 2272 863 2311 quivit

767 2322 845 2355 Qum

769 2371 912 2401 Conicere

769 2426 871 2460 posset

769 2470 850 2500 deest

770 2519 851 2549 deest

770 2571 906 2609 quoniam

772 2619 879 2649 Mollia

770 2680 827 2709 que

769 2724 803 2748 ut
817 2719 867 2758 qui

771 2769 921 2809 vigescere

771 2822 917 2857 utrunque

766 2868 830 2907 jam

771 2917 892 2947 habebis

1115 474 1229 493 ALDth.

1102 595 1238 626 Venetiz's.

1130 692 1211 718 1500.

1051 776 1190 816 colligere

1050 826 1130 856 deest

1051 876 1147 916 igneis

1051 924 1210 966 caelumque

1051 974 1147 1005 ferant

1051 1024 1178 1053 flammai

1052 1084 1167 1103 rursum

1053 1124 1127 1157 Quae

1053 1173 1189 1202 videntur

1054 1223 1234 1261 visendaque

1053 1272 1222 1312 praeclarius

1053 1332 1143 1361 supra

1052 1372 1172 1412 egregie

1052 1420 1228 1460 Quanquam

1053 1473 1128 1501 boue

1054 1520 1197 1550 divinitus

1055 1570 1239 1600 invenientes

1056 1621 1138 1651 adito

1057 1671 1163 1711 magis,
1179 1681 1266 1710 quam

1056 1721 1172 1760 tripode

1058 1769 1138 1799 deest

1059 1819 1198 1860 lauroque

1058 1871 1197 1900 cecedere

1059 1921 1190 1950 Primum
1203 1921 1280 1960 quod

1057 1976 1194 2011 exempto

1058 2020 1171 2050 molleis

1058 2070 1175 2099 Deinde

1056 2118 1136 2147 deest

1056 2169 1170 2198 faciunt

1056 2219 1204 2249 minimum

1055 2270 1211 2309 quicquam

1057 2320 1130 2349 Cum

1057 2370 1210 2409 Conjicere

1058 2418 1154 2457 possis

1059 2468 1136 2507 quod

1059 2517 1139 2546 deest

1058 2566 1195 2605 quoniam

1061 2616 1168 2645 Mollia

1059 2677 1124 2706 quae

1060 2721 1093 2746 ut
1106 2716 1156 2755 qui

1060 2766 1204 2795 virescere

1059 2821 1205 2855 utrunque

1055 2867 1118 2906 jam

1060 2916 1182 2947 habebis

1509 267 1599 308 183

1344 418 1385 437 Ex
1395 418 1559 440 TYPOGRA-

1316 471 1396 492 PHIA
1412 472 1592 494 SOCIETATIS

1358 526 1551 546 1311‘0NT1NAE.

1388 594 1523 636 Biponti.

1418 691 1431 715 1
1436 690 1499 718 782.

1337 776 1484 816 conligere

1337 831 1370 855 ut

1338 876 1432 916 igneis

1338 926 1499 966 coelumque

1338 975 1417 1006 ferat

1339 1026 1466 1056 flammai

1339 1086 1453 1106 rursum

1340 1127 1414 1160 Quae

1341 1177 1456 1206 videtur

1341 1225 1520 1265 visendaque

1341 1275 1509 1315 praeclarius

1341 1335 1449 1363 supera

1342 1374 1461 1414 egregie

1343 1424 1529 1463 Quamquam

1342 1472 1416 1502 bene

1343 1522 1487 1552 divinitus

1345 1573 1526 1602 invenientes

1345 1623 1435 1662 adyto

1345 1672 1452 1711 magis,
1467 1681 1555 1711 quam

1345 1720 1460 1760 tripode

1345 1782 1383 1801 ex

1347 1821 1490 1861 lauroque

1345 1872 1483 1902 cecedere

1345 1922 1475 1951 Primum
1488 1921 1565 1960 quod

1345 1975 1463 2000 exemto

1344 2020 1458 2049 molleis

1345 2070 1463 2100 Deinde

1344 2120 1425 2150 deest

1344 2170 1457 2199 faciunt

1345 2221 1495 2250 minimum

1345 2271 1503 2310 quidquam

1345 2321 1419 2350 Cum

1345 2371 1499 2411 Conjicere

1345 2420 1441 2460 possis

1345 2469 1423 2508 quod

1345 2517 1425 2546 deest

1347 2567 1424 2606 quod
1431 2567 1496 2607 jam

1349 2616 1459 2646 Mollia

1347 2678 1413 2707 quae

1347 2717 1429 2756 atqui

1347 2766 1491 2795 virescere

1347 2820 1502 2854 utrumque

1341 2866 1405 2905 jam

1348 2915 1478 2946 habebas
