1967 3314
331 256 426 298 416
754 243 1377 296 ANNOTATIONES

495 386 561 416 889
585 379 639 414 Ex
656 381 794 424 aurique
808 384 911 424 putat
923 375 1022 411 micis
1037 376 1227 411 consistere
1243 385 1347 421 posse

373 461 532 502 Auraeque

379 516 500 546 Auram

333 570 536 610 interpretum
553 568 750 608 praestrinxit.
797 566 891 597 Micae
913 575 1010 596 aurae:
1033 564 1090 602 ita,
1114 564 1213 594 frusta
1231 561 1402 604 sanguinis.
1431 561 1581 592 Prudent.
1608 561 1717 601 Psych.
1743 563 1815 591 425.

333 627 454 656 Arnob.
471 628 499 655 2.
515 623 648 654 frustilla
662 623 762 664 ignea.
801 620 942 660 Simplic.
959 626 1064 650 tamen
1079 618 1118 649 de
1134 620 1278 659 Anaxag.
1295 630 1394 649 ταντα
1409 629 1449 648 τοι
1465 617 1617 659 ὄμοιομιςη,
1633 616 1682 646 οἷον
1699 628 1732 646 ero
1748 612 1817 655 ὕδωρ

548 462 566 554 }
581 494 618 524 Β.
632 503 660 523 v.
677 494 748 522 855.
772 491 917 526 Quatuor
930 488 1083 519 elementa
1099 494 1257 518 numerat:
1276 485 1353 527 quid
1366 486 1417 517 hic
1432 484 1566 516 aurum?
1589 484 1695 516 oculos
1710 483 1814 524 credo,

334 680 351 711 ἦ
367 691 423 722 πυρ
438 682 454 713 ἦ
470 691 571 721 χρυσον
586 683 643 708 etc.

496 787 562 817 875
578 780 619 814 Id
636 779 731 825 quod
747 778 973 822 Anaxagoras
989 777 1070 812 sibit
1086 777 1202 819 sumit,
1218 783 1257 811 ut
1278 775 1438 811 omnibus
1454 775 1587 810 omneis

370 863 531 902 Diogenes
548 861 699 901 Cynicus;
716 871 816 890 ταντα
832 859 856 888 ἒν
871 870 943 888 aeoem
960 871 1008 888 και
1024 856 1069 888 δια
1085 870 1200 888 παντων
1215 859 1290 892 εἶναι,
1305 856 1395 886 dixit:
1417 870 1465 887 και
1478 869 1538 897 ’γαρ
1548 856 1572 885 ἒν
1591 867 1630 893 τῳ
1645 856 1723 896 ἄρτῳ
1734 866 1818 895 uerus

337 916 404 948 εἶναι
418 915 520 958 [ὄντος]
536 930 585 946 και
601 917 625 946 ἓν
641 928 683 954 τῳ
696 921 824 953 λαχανῳ
838 914 936 954 ἄρτου,
953 925 1003 942 και
1019 925 1074 942 των
1089 924 1229 950 σωματων
1245 924 1300 941 ‘ram
1314 917 1411 946 λιτων,
1428 912 1453 941 ἔν
1468 922 1540 941 ‘tam
1556 907 1600 940 διο
1616 921 1693 940 τινων
1708 907 1820 942 ἀδηλων

336 983 423 1012 roem
439 984 488 1001 και
499 971 593 1010 ὄγκων
608 970 803 1011 gingamp-svm
818 981 867 998 και
883 966 1112 1006 συναμιζομενων.
1156 964 1307 995 La‘e'rtius.

500 1079 567 1107 884
591 1072 681 1107 Cum
697 1070 805 1117 lapidi
821 1068 971 1116 lapidem
989 1068 1145 1111 terimus,
1160 1079 1303 1103 manare
1320 1079 1492 1103 cruorem:

378 1141 460 1172 Dele
477 1141 565 1172 Vei-s.

498 1246 565 1274 886
590 1238 746 1281 Mittere,
762 1236 923 1283 lanigerae
940 1236 1034 1283 quali
1052 1242 1133 1271 sunt
1150 1236 1255 1270 ubera
1271 1234 1382 1270 lactis:

378 1307 536 1339 Tibullus:

591 1383 664 1423 Ipse
679 1382 773 1413 mella
787 1382 903 1412 dabant
917 1391 1059 1422 quercus
1075 1379 1222 1420 ultroque
1238 1378 1379 1409 ferebant

637 1437 739 1468 Obvia
753 1439 868 1466 securis
882 1437 974 1466 ubera
990 1437 1080 1466 Iactis
1094 1444 1174 1464 oves-

381 1512 442 1543 sed
453 1512 588 1543 otiosum
603 1512 696 1551 plane
712 1517 743 1542 et
757 1512 839 1541 iners
850 1517 896 1540 est
910 1510 989 1540 illud
1004 1512 1117 1540 securis
1123 1525 1134 1545 ,-
1151 1509 1221 1548 lege
1226 1508 1395 1547 pressuris,-
1411 1512 1465 1536 aut
1479 1505 1607 1545 propius
1621 1503 1660 1536 ad
1669 1504 1828 1547 vulgatam

335 1568 502 1599 lectionem
525 1568 669 1597 sucturis.
713 1565 798 1596 Nam
813 1565 933 1604 opinor,
959 1563 1124 1604 terrigenae
1144 1561 1190 1592 illi
1213 1566 1340 1591 mutum
1365 1566 1395 1591 et
1421 1566 1512 1600 turpe
1527 1570 1632 1600 pecus,
1654 1562 1827 1593 mulctralia

336 1628 405 1653 tum
419 1622 584 1652 habebant.

500 1729 566 1758 896
590 1721 641 1756 At
657 1732 750 1767 saepe
765 1720 802 1756 in
819 1719 951 1766 magnis
967 1719 1007 1754 fit
1025 1717 1215 1760 montibus,
1229 1718 1347 1763 inquis,
1362 1722 1402 1751 ut
1418 1715 1496 1751 altis

382 1792 458 1834 Leg.
491 1792 610 1833 Inquit.

501 1901 566 1929 899
592 1893 718 1928 Donec
736 1891 909 1926 fulserunt
921 1891 1074 1936 flammae
1090 1889 1224 1935 fulgore
1241 1894 1379 1923 coorto:

378 1965 533 1997 Flamma'i
548 1963 636 1994 flore:
665 1962 762 1993 MSS.
778 1961 907 2000 optime;
922 1960 982 1990 vid.
998 1960 1072 1990 Fab.
1106 1959 1156 1989 Ita
1171 1958 1223 1989 lib.
1239 1956 1299 1988 IV.
1316 1967 1343 1988 v.
1359 1959 1430 1987 452.

592 2060 675 2091 Bina
687 2059 889 2089 lucernarum
903 2058 1046 2089 florentia
1059 2057 1181 2088 lumina
1195 2055 1339 2087 flammis.

378 2138 500 2171 Tei-tul.
516 2135 651 2177 Apolog.
667 2146 692 2166 c.
710 2135 757 2166 ΙΙ.
782 2139 804 2154 “
822 2135 907 2165 Vani
931 2140 1019 2165 erant
1033 2134 1178 2164 homines
1192 2133 1253 2162 nisi
1277 2132 1351 2162 certi
1374 2131 1446 2166 sint,
1469 2139 1488 2161 a
1507 2128 1689 2169 primordio,
1715 2134 1745 2160 et
1760 2129 1830 2169 plu.

337 2195 401 2225 vias
416 2193 455 2224 de
470 2191 547 2223 coelo
561 2190 659 2221 ruisse
673 2195 704 2220 et
726 2188 837 2230 sydera
859 2188 1006 2225 radiasse,
1034 2193 1064 2217 et
1090 2187 1214 2217 lumina
1226 2184 1405 2228 floruisse.'’
1428 2184 1484 2214 ἃς.
1529 2183 1583 2214 Ad
1606 2193 1700 2224 quem
1726 2183 1829 2214 locum

338 2248 463 2281 abunde
477 2245 667 2286 exemplaria
679 2244 835 2285 congessit
850 2243 958 2274 Desid.
975 2241 1145 2272 Heraldus.

502 2356 568 2384 956
593 2348 754 2390 Constet,
776 2358 821 2380 an
837 2345 1043 2380 imlnensum
1061 2348 1191 2389 pateat,
1207 2342 1260 2376 vel
1273 2342 1419 2386 adusque
1433 2338 1655 2385 profundum.

381 2420 554 2459 vasteque:
579 2427 608 2458 q.
626 2416 723 2447 MSS.

380 2501 506 2531 Festus:
531 2499 644 2540 ChaoS,
667 2497 803 2538 appellat
817 2495 978 2527 Hesiodus
1007 2494 1172 2525 confusam
1198 2491 1357 2534 quandam
1379 2493 1418 2522 ab
1442 2491 1532 2522 initio
1553 2490 1722 2528 unitatem
1742 2490 1831 2521 hian-

340 2560 405 2585 tem
429 2560 641 2595 patentemque
667 2554 701 2582 in
723 2551 927 2592 profundum:
964 2560 1001 2579 ex
1035 2560 1067 2580 eo
1097 2555 1129 2579 et
1157 2561 1274 2588 χαινειν,
1304 2546 1408 2577 Graeci
1431 2552 1463 2576 et
1487 2555 1544 2576 nos
1568 2545 1665 2583 hiare,
1687 2544 1822 2581 dicimus

337 2609 426 2650 Lego
442 2608 637 2643 inanitatem,
652 2612 688 2637 ut
705 2605 790 2636 alibi.
838 2606 950 2636 Cavum
966 2614 985 2633 a
999 2605 1073 2634 chao
1089 2602 1209 2633 dictum
1225 2608 1256 2632 et
1271 2601 1339 2642 ejus
1353 2600 1511 2630 inanitate.
1535 2600 1572 2630 Β.
1618 2598 1711 2639 Cogit
1725 2604 1830 2629 tamen

339 2664 481 2694 dubitare
492 2661 668 2699 Arnobius3
682 2660 736 2691 lib.
751 2660 792 2690 V.
814 2659 930 2689 Nonne
944 2658 1040 2699 digna
1055 2667 1105 2687 res
1119 2662 1210 2695 esset,
1233 2660 1359 2696 propter
1370 2663 1466 2695 quam
1478 2654 1576 2685 iratus
1591 2659 1622 2685 et
1635 2651 1770 2694 percitus
1783 2661 1834 2683 res

340 2727 450 2747 omnes
462 2717 496 2747 in
513 2716 649 2758 antiquae
663 2714 799 2755 speciem
808 2712 1014 2745 confunderet
1027 2710 1175 2743 unitatis?

507 2820 574 2849 958
600 2813 818 2850 Finitum'st:
845 2822 995 2857 namque
1011 2816 1206 2847 extremum
1222 2807 1355 2844 debebat
1370 2806 1508 2843 habere.

385 2881 530 2914 Debebit.
