1967 3314
339 275 435 318 366

371 657 414 686 V.

365 794 423 822 256

365 895 422 923 257

364 994 422 1020 258

364 1044 422 1071 259

365 1139 423 1168 260

363 1189 419 1217 261

364 1338 422 1366 262

363 1388 421 1416 263

363 1487 422 1515 264

364 1537 422 1565 265

365 1635 422 1664 266

365 1685 423 1715 ‘267

365 1738 424 1766 270

366 1888 419 1917 271

367 2039 424 2067 275

366 2138 424 2167 274

367 2188 424 2216 275

367 2237 425 2265 278

368 2287 426 2315 279

368 2336 427 2362 280

369 2536 424 2563 281

370 2635 428 2661 283

370 2686 427 2711 285

371 2781 427 2809 286

370 2833 428 2862 287

371 2883 428 2909 288

369 2933 427 2962 289

646 265 1103 316 VARIANTES
1149 264 1587 316 LECTIONES

520 609 648 639 Brixiae.

482 703 555 733 Sine
568 703 667 732 Anno.

471 791 622 820 dimissum

469 841 580 870 fulmen

471 896 504 921 ut

470 947 565 970 atram

470 989 624 1029 gruvidam

470 1048 535 1067 curn
549 1038 651 1077 prunis

470 1088 600 1128 repletus

472 1138 507 1167 In
522 1142 602 1167 terra

470 1197 579 1227 supera.

470 1237 579 1267 nostris

470 1288 612 1328 putadum
626 1291 673 1317 est

470 1337 597 1377 caligine

472 1386 639 1417 inediticata

470 1447 606 1477 supernae

468 1490 606 1527 exempto

470 1540 555 1565 tanto

471 1589 566 1615 terras

473 1635 610 1664 Flumina

472 1685 617 1715 extructis

472 1735 581 1765 etenim

473 1796 563 1825 supra

474 1846 526 1875 per
538 1835 631 1864 multa

473 1887 528 1915 hac
541 1885 579 1915 de
592 1894 625 1914 re

473 1935 565 1964 nubes

472 1993 592 2012 necesse
605 1986 652 2012 est

476 2033 543 2061 Hoc

472 2092 538 2120 qum

472 2130 607 2170 quemvis

473 2178 554 2208 deest

473 2239 539 2258 cnm

476 2277 647 2308 Mobilitate

477 2339 528 2369 per
541 2327 634 2357 caluit

475 2379 576 2419 gravis
589 2381 708 2408 ventum

507 2428 617 2469 insigni

474 2532 621 2558 maturum

475 2590 541 2610 cum

475 2630 540 2660 loca

475 2684 509 2709 ut

474 2729 539 2759 caeli

475 2782 654 2819 pertemptat

475 2829 577 2858 caelum

475 2878 666 2917 fremitusque

474 2929 542 2962 Quo

745 449 860 470 ’Annus
871 447 1008 468 munzu-
1027 448 1224 469 Tx-OEononus
1238 449 1280 469 m:

485 483 689 505 RERRANDUS.
739 451 746 469 ι
802 493 938 523 Ρέηῦῑκ.
1011 408 1017 582 Ι

1037 502 1273 523 RAGAzonmUS.

811 610 937 638 Veronae.
1009 583 1016 665 l
1087 607 1226 636 Venetiis.

832 695 917 724 1486,

754 785 878 814 dimissu

756 835 866 865 fulmen

758 890 789 914 et

756 938 851 963 attnm

755 982 909 1023 gravidam

755 1042 820 1061 cum
836 1031 937 1071 primis

756 1082 887 1122 repletus

757 1133 876 1162 Interea

755 1193 843 1223 super
853 1193 871 1211 a

755 1232 866 1262 nostris

754 1282 948 1322 putandumst

754 1333 849 1363 caune

754 1383 923 1414 inedificata

754 1442 908 1472 superenae

754 1482 888 1522 exemplo

755 1537 840 1561 tanto

756 1582 836 1611 deest

758 1631 895 1660 Fulmina

756 1682 901 1712 extructis

757 1736 789 1761 et
801 1731 879 1761 enim

758 1791 848 1821 supra

757 1841 809 1871 per
820 1830 913 1861 multa

758 1882 814 1911 hac
828 1882 866 1910 de
880 1890 911 1910 re

757 1932 849 1960 nubes

759 1983 910 2010 necessest

761 2030 829 2058 Hoc

757 2089 814 2118 que

757 2137 843 2167 quem
859 2127 903 2157 vis

756 2176 836 2205 deest

757 2237 823 2256 cum

760 2275 926 2306 Nobilitate

757 2325 903 2365 percaluit

759 2375 861 2415 gravis
875 2379 994 2404 ventum

791 2425 820 2454 in
835 2424 913 2465 signi

760 2528 886 2555 matrum

759 2587 825 2606 cum

760 2625 841 2656 locus

758 2681 791 2706 et

759 2725 822 2755 caeli

759 2779 938 2816 pertemptat

758 2826 864 2856 caelum

758 2875 891 2907 fremitus

758 2926 844 2960 Quod

1117 701 1201 730 1495.

1040 787 1162 816 dimissu

1039 837 1149 866 fulmen

1040 891 1071 915 et

1040 939 1137 964 attum

1038 983 1191 1023 gravidam

1039 1042 1104 1062 cum
1120 1033 1222 1072 primis

1039 1082 1170 1122 repletus

1041 1132 1160 1161 Interea

1039 1192 1129 1222 super
1142 1192 1161 1211 a

1043 1232 1154 1261 nostris

1040 1281 1235 1321 putandumst

1039 1331 1134 1360 caline

1039 1380 1208 1410 inedificata

1039 1440 1206 1468 superrenae

1038 1479 1172 1519 exemplo

1040 1534 1125 1559 tanto

1040 1578 1121 1606 deest

1043 1628 1179 1656 Fulmina

1040 1679 1188 1708 extructis

1041 1732 1072 1756 et
1085 1727 1162 1757 enim

1041 1787 1131 1818 supra

1041 1838 1093 1868 per
1107 1826 1200 1856 multa

1041 1879 1097 1907 hac
1110 1877 1148 1906 de
1163 1887 1194 1906 re

1041 1927 1133 1956 nubes

1041 1980 1192 2006 necessest

1043 2027 1111 2055 Hoc

1041 2086 1098 2116 que

1041 2136 1127 2165 quem
1141 2126 1186 2155 vis

1042 2175 1123 2204 deest

1042 2236 1106 2254 cum

1043 2275 1210 2305 Nobilitate

1041 2325 1186 2366 percaluit

1041 2376 1142 2416 gravis
1160 2379 1278 2406 ventum

1076 2425 1185 2466 insigni

1041 2529 1167 2554 matrum

1041 2585 1107 2604 cum

1042 2624 1124 2656 locus

1041 2679 1072 2704 et

1041 2723 1105 2753 caeli

1043 2778 1222 2815 pertemptat

1042 2825 1145 2855 caelurn

1043 2874 1178 2904 fremitus

1043 2924 1131 2959 Quod

1387 480 1407 500 Α
1412 479 1452 500 Ln
1456 480 1501 501 US.

1374 603 1511 634 Venedi-⁹.

1403 699 1416 725 1
1422 699 1488 725 500.

1324 786 1454 815 deniissu

1324 834 1433 864 fulmen

1324 891 1355 913 et

1325 939 1421 963 atram

1326 983 1479 1023 gravidam

1327 1031 1495 1071 cumprimis

1325 1081 1455 1120 repletur

1326 1130 1361 1159 In
1372 1134 1452 1160 terra

1324 1190 1434 1219 supera

1324 1235 1457 1259 nostrum

1325 1279 1519 1318 putandumst

1325 1331 1452 1371 caligine

1326 1381 1501 1410 inaedificata

1326 1441 1451 1470 superne

1325 1484 1463 1519 exempto

1326 1533 1427 1558 tantos

1327 1578 1479 1608 venientes

1325 1627 1447 1657 fulmina

1326 1676 1473 1705 extructis

1325 1731 1356 1755 ct
1369 1726 1445 1755 enim

1326 1785 1433 1815 supera

1327 1825 1472 1865 permulta

1326 1875 1434 1904 habere

1325 1925 1429 1954 nubeis

1326 1979 1478 2005 necessest

1328 2025 1388 2055 Hic

1325 2075 1375 2115 qui

1325 2135 1411 2165 quem
1425 2124 1470 2154 vis

1327 2175 1356 2204 in

1325 2235 1390 2254 cum

1327 2274 1499 2304 Mobilitate

1327 2323 1473 2365 percaluit

1325 2374 1446 2415 gravius
1478 2374 1541 2413 jam

1358 2428 1464 2452 ventus
1473 2422 1503 2451 in
1517 2422 1561 2462 ig-

1358 2474 1403 2503 nis

1326 2529 1472 2554 maturum

1326 2584 1393 2604 cum

1327 2623 1391 2653 loca

1327 2678 1360 2704 ut

1326 2723 1392 2752 coeli

1328 2777 1480 2814 pertentat

1327 2823 1432 2853 coelurn

1327 2872 1518 2912 fremitusque

1327 2922 1395 2957 Quo

1620 427 1636 447 Ε
1641 427 1659 446 X
1669 427 1833 449 TYPOGRA-

1592 481 1629 500 PH
1635 481 1667 500 [A
1683 480 1848 504 soen-:TATR

1631 534 1827 556 mroN'rlNAE.

1661 603 1702 633 Bi
1699 602 1794 644 ponti.

1690 697 1777 727 1782.

1609 781 1769 811 demissum

1611 830 1717 859 flumen

1610 884 1641 909 et

1609 933 1706 958 atram

1609 978 1762 1018 gravidam

1610 1028 1779 1068 cumprimis

1609 1079 1740 1117 repletus

1612 1129 1647 1157 In
1661 1133 1741 1158 terra

1611 1188 1719 1217 supera

1610 1232 1743 1258 nostrum

1611 1277 1815 1318 putandum’st

1611 1328 1738 1368 caligine

1610 1377 1790 1408 inaedificata

1611 1438 1736 1467 superne

1611 1482 1728 1506 cxemto

1611 1532 1697 1556 tanto

1612 1578 1678 1606 hoec
1691 1581 1785 1607 terras

1614 1626 1751 1655 Flumina

1611 1676 1774 1707 exstructis

1610 1727 1721 1756 etenim

1611 1787 1719 1817 supera

1611 1827 1757 1866 permulta

1611 1877 1721 1907 habere

1612 1928 1716 1957 nubeis

1611 1977 1777 2007 necesse'st

1613 2026 1674 2056 llic

1609 2076 1660 2114 qui

1609 2125 1742 2166 quemvis

1607 2176 1687 2205 deest

1610 2237 1677 2255 nam

1612 2276 1784 2306 Mobilitate

1610 2325 1755 2365 percaluit.

1610 2377 1655 2405 vis
1682 2375 1775 2410 venti,
1800 2374 1845 2404 vel

1643 2424 1743 2466 gravis
1756 2424 1835 2465 ignis

1610 2528 1755 2554 maturum

1609 2580 1672 2605 tum

1610 2624 1676 2654 loca

1610 2773 1759 2811 pertentat

1610 2819 1713 2850 coelum

1609 2868 1800 2908 fremitusque

1612 2920 1680 2954 Quo
