1967 3314
787 470 1353 521 ANNOTATIONES

624 720 1021 777 RICARDI
1074 683 1524 777 BENTLEII

797 978 875 1028 IN
910 978 1355 1028 LUCRETIUM.

926 1243 1229 1258 ἋἏἏἏἏἏἏἏ

988 1295 1086 1327 LIB.
1110 1297 1173 1327 IV.

926 1376 1232 1391 ἉἏἏἏἋἏἊΜ

520 1612 564 1641 90
589 1604 644 1639 Ex
661 1603 734 1639 alto
752 1602 834 1648 quia
850 1601 933 1637 dum
948 1602 1096 1638 veniunt
1112 1605 1314 1638 extrinsecus
1330 1609 1429 1647 ortae,

373 1668 576 1702 Inu-iusecus.

522 1771 565 1801 92
593 1763 695 1800 Ostia
713 1769 808 1805 sunt,
824 1763 902 1808 quia
918 1762 1140 1797 contendunt
1156 1762 1252 1798 exire
1268 1769 1402 1798 coorta.

378 1830 459 1867 Qua.

501 1933 567 1961 139
592 1923 688 1960 Aera
703 1923 893 1958 mulcenteis
909 1928 1020 1958 motu.
1035 1934 1117 1958 nam
1134 1933 1227 1969 saepe
1242 1922 1420 1968 gigantum

381 1987 581 2021 Mulcanteis.

502 2091 570 2119 208
595 2084 733 2128 Perque
748 2083 868 2118 volare
885 2094 993 2126 mare,
1012 2094 1052 2118 ac
1069 2089 1192 2126 terras,
1209 2082 1406 2129 coelumque
1423 2083 1547 2128 rigare,

600 2143 699 2181 Quod
714 2141 903 2186 supera’st:

380 2214 470 2256 Lego
477 2212 640 2254 ;--rigare.
687 2209 783 2247 Quod
798 2215 948 2248 superest,
963 2208 1019 2240 &c.
1042 2209 1080 2240 Β.
1104 2209 1147 2239 ita
1162 2209 1286 2248 passim.

506 2316 574 2345 213
599 2307 767 2344 Ponitur:
793 2307 984 2352 extemplo,
1001 2306 1090 2342 coelo
1107 2305 1284 2349 stellante,
1299 2319 1417 2340 serena

383 2371 657 2415 Lego-stellante
671 2380 792 2408 sereno,
809 2371 846 2401 B.
863 2369 1044 2409 Propertius
1061 2369 1110 2399 II.
1130 2373 1177 2399 18.

560 2442 709 2479 Quaeritis
723 2447 755 2472 et
770 2441 847 2472 coelo
864 2440 1054 2471 Phoenicum
1068 2450 1143 2470 cum
1158 2440 1286 2470 inventa
1300 2450 1414 2474 sereno,

604 2497 685 2533 Quae
700 2497 740 2526 sit
754 2498 839 2527 stella
855 2495 978 2526 homini
994 2495 1172 2533 commoda,
1188 2504 1320 2535 quaeque
1336 2493 1429 2524 mala.

511 2602 578 2631 267
605 2594 797 2640 Tangimus
814 2600 1011 2629 extremum
1029 2592 1116 2635 saxi,
1133 2602 1377 2637 summumque
1392 2590 1554 2625 colorem.-

391 2665 494 2702 Xeooev,
511 2656 718 2697 superficiem.
733 2657 787 2688 lib.
802 2657 845 2687 V.
863 2660 937 2688 581.

513 2763 580 2791 349
607 2756 716 2801 Quod
733 2762 857 2790 contra
874 2754 1038 2790 facerein
1054 2753 1207 2789 tenebris
1222 2752 1244 2788 ἆ
1261 2752 1341 2787 luce
1358 2750 1552 2797 nequimus,

394 2822 413 2848 2
430 2817 529 2848 MSS.
546 2817 585 2856 ἐς
602 2817 692 2848 bene.

517 2923 584 2950 353
609 2916 753 2951 Possint
770 2916 918 2950 ullarum
936 2926 1051 2950 rerum
1073 2915 1235 2961 conjecta
1250 2913 1382 2947 moveri.

395 2976 470 3017 Leg.
487 2988 612 3009 movere
630 2989 654 3009 v.
670 2982 742 3009 318..
761 2979 797 3008 B.
