1967 3314
590 188 808 239 LIBRI
845 185 1086 239 SEXTI.
1508 196 1600 237 401

462 375 584 396 murus
599 375 735 396 mumm-
753 373 955 395 'rfltononus
972 372 1014 393 DE
1352 350 1394 369 Ex
1406 350 1569 371 mmmm-

534 429 671 450 PERGER.
771 427 1006 448 RAGAzONnms.

1321 403 1401 422 PHIA
1416 404 1596 425 SOCIETATIS

1363 455 1544 478 BIPONTINAE
1549 471 1556 478 .

214 406 416 427 FERRANDUS.

540 532 670 565 Veronae.
816 531 850 561 V
848 529 961 561 eraetiis.
1105 527 1244 558 Venetiis.

234 619 307 649 Sine
320 620 419 650 Anno.
566 623 650 650 1486.
849 625 932 653 1495.
1134 620 1218 646 1500·

202 707 290 736 Vitai
488 711 565 740 Vita
772 708 850 740 Vita
1063 707 1146 737 Vitai
1343 707 1430 737 Vitai

203 757 324 797 cupidos
487 761 608 800 cupidos
774 759 894 799 cupidos
1057 757 1179 797 cupidos
1341 757 1441 797 cupidi

203 807 343 837 timentes
487 811 627 841 timentes
774 809 912 839 timentes
1056 807 1207 837 timenteis
1344 807 1482 837 timentes

206 856 342 886 Venibus
353 860 384 886 et
490 862 619 892 Penibus
636 866 667 893 et
776 860 905 889 Penibus
919 864 950 889 et
1056 867 1158 896 poenas
1174 861 1205 886 et
1344 856 1481 886 Poenibat

204 907 335 946 expertis
488 913 619 952 expertis
775 910 907 949 expertis
1057 907 1207 946 experteis
1343 906 1491 946 experteis

204 967 235 986 m
249 967 330 986 elma
489 962 520 992 in
530 963 612 993 curia
775 960 806 989 in
820 959 901 989 curia
1059 955 1172 986 incuria
1344 955 1456 984 incuria

204 1007 284 1037 deest
297 1016 402 1036 versus
490 1012 570 1042 deest
585 1023 690 1043 vemas·
776 1010 856 1039 deest
867 1019 971 1039 versus
1060 1006 1140 1035 deest
1151 1016 1255 1035 ‘versus
1346 1004 1511 1045 Lanigeras
1522 1004 1579 1034 &c.

205 1056 263 1085 arft
490 1067 559 1092 ante
777 1063 847 1089 ante
1061 1055 1140 1084 deest
1152 1065 1258 1084 versus
1345 1059 1444 1084 autem

205 1109 310 1145 presto
490 1117 590 1152 presto
776 1113 886 1148 praesto
1061 1111 1171 1145 praesto
1345 1109 1453 1145 praesto

205 1155 299 1195 pudor
490 1161 583 1201 pudor
776 1158 869 1198 pudor
1061 1156 1229 1196 pudoreque
1346 1155 1439 1196 pudor

205 1215 284 1234 omm
491 1211 570 1241 omni
777 1207 855 1237 omni
1061 1205 1140 1234 omni
1346 1209 1409 1235 tum

207 1255 303 1285 mixta
491 1263 584 1293 mixta
778 1257 872 1287 mixta
1061 1255 1154 1284 mixta
1347 1255 1436 1284 mista

207 1305 375 1345 Omptimus
493 1312 630 1351 Optimus
779 1309 916 1347 Optimus
1064 1308 1148 1334 1240.
1348 1303 1486 1343 Optimus

206 1355 278 1385 lacti
491 1360 563 1390 lacti
779 1357 850 1386 lacti
1347 1351 1422 1381 lethi

1065 1407 1149 1433 1241.

209 1456 360 1486 Cenantis
493 1459 650 1489 Certantes
781 1456 937 1485 Certantes
1063 1453 1220 1482 certantes
1350 1451 1506 1481 certantes

208 1505 337 1535 lacrimis
492 1508 622 1538 lacrimis
780 1504 908 1534 lacrimis
1062 1502 1200 1541 lacrymis
1348 1500 1477 1530 lacrimis

209 1556 240 1584 in
493 1557 524 1586 in
780 1555 810 1583 in
1064 1551 1145 1580 deest
1349 1549 1430 1578 deest

210 1604 349 1645 injectum
494 1607 691 1646 injectumque
781 1603 978 1644 injectumque
1063 1601 1094 1630 in
1107 1601 1198 1630 letum
1349 1600 1379 1628 in
1392 1599 1502 1630 lectum

210 1654 321 1693 majore
495 1657 605 1696 majore
782 1655 892 1694 majore
1064 1661 1187 1680 moerore
1349 1660 1472 1679 moerore

1067 1704 1149 1729 1244.
1166 1700 1218 1730 leti
1349 1699 1423 1729 lethi
1440 1704 1523 1730 1244.

211 1753 311 1781 11¹⁰rb0
495 1757 596 1786 morbo
782 1754 882 1783 morbo
1064 1751 1182 1780 morbus
1349 1750 1468 1780 morbus

210 1807 342 1833 tentaret
495 1810 656 1846 temptaret
782 1808 941 1843 temptaret
1064 1804 1195 1830 tentaret
1349 1804 1481 1829 tentaret

205 1854 270 1893 jam
495 1856 560 1886 ideo
782 1854 848 1882 ideo
1059 1850 1123 1889 jam
1343 1850 1408 1889 jam

212 1903 256 1932 vir
496 1906 540 1935 vir
782 1903 827 1932 vir
1065 1900 1147 1930 curvi
1349 1900 1432 1930 curvi

212 1953 420 1983 immoderator
496 1956 702 1986 immoderator
781 1952 988 1982 immoderator
1065 1951 1232 1980 moderator
1349 1950 1516 1980 moderator

213 2002 390 2043 Languebat
496 2006 674 2046 Languebat
782 2002 960 2043 Languebat
1067 2001 1229 2041 languebat
1351 2000 1551 2039 Languebant

211 2064 281 2083 casa
496 2064 567 2085 casa
781 2064 852 2083 casa
1065 2061 1136 2081 casa
1349 2060 1427 2080 cass

212 2104 313 2133 dedita
495 2106 606 2136 tradita
781 2103 892 2133 tradita
1065 2101 1177 2130 tradita
1349 2100 1451 2129 dedita

213 2153 261 2183 Ex
275 2154 380 2184 animis
498 2156 545 2185 Ex
559 2156 665 2186 animis
782 2153 830 2182 Ex
844 2152 950 2182 animis
1067 2150 1222 2180 Exanimis
1352 2147 1506 2179 Exanimis

210 2213 269 2232 non
281 2215 430 2244 nunquam
496 2217 554 2235 non
567 2217 716 2246 nunquam
782 2214 839 2232 non
850 2213 998 2242 nunquam
1068 2210 1276 2238 nonnunquam
1349 2208 1556 2238 nonnunquam

211 2263 361 2283 mmmam
500 2256 649 2286 minimam
781 2252 931 2282 minimam
1066 2250 1214 2279 minimam
1351 2249 1500 2278 minimum

213 2307 326 2341 partem
497 2310 611 2344 partem
783 2305 897 2340 partem
1067 2304 1181 2339 partem
1351 2298 1458 2338 partim

213 2351 294 2391 agris
497 2355 585 2393 aegris
784 2350 872 2389 aegris
1069 2349 1149 2389 agris
1352 2349 1433 2389 agris

214 2403 336 2433 meroris
499 2404 620 2433 meroris
784 2399 905 2429 meroris
1068 2399 1200 2428 moeroris
1354 2398 1478 2439 aegroris

213 2452 357 2493 languens
499 2452 624 2492 luguens
785 2449 912 2487 lugneus
1069 2449 1213 2488 languens
1353 2449 1497 2489 languens

213 2501 337 2531 contulit
499 2500 627 2531 conculit
785 2497 914 2527 conculit
1069 2498 1196 2528 contulit
1355 2497 1482 2528 contulit

213 2556 298 2590 parte
499 2555 585 2589 parte
786 2551 871 2588 parte
1070 2552 1155 2587 parte
1354 2547 1432 2587 parti

212 2601 378 2631 condebant
500 2600 665 2631 condebant
785 2596 951 2627 condebant
1070 2598 1236 2628 condebant
1270 2595 1279 2600 ”
1354 2596 1541 2636 complebant

213 2656 296 2681 tecta
500 2654 582 2679 tecta
785 2652 867 2678 tecta
1070 2647 1159 2677 tectis
1355 2651 1493 2686 tectaque

212 2711 327 2741 quoque
501 2710 616 2739 quoque
786 2708 902 2737 quoque
1070 2708 1129 2736 quo
1355 2706 1414 2735 quo

212 2750 308 2791 magis
501 2751 596 2789 magis
787 2746 882 2787 magis
1073 2747 1168 2787 magis
1356 2756 1442 2786 mage

215 2805 305 2829 aestus
501 2805 592 2830 aestus
787 2802 882 2828 aestus
1072 2802 1165 2827 aestus
1357 2806 1408 2825 eos
1422 2800 1483 2825 tum

214 2848 370 2880 confertos
503 2849 644 2882 Conferte
789 2846 930 2877 Conferre
1071 2847 1196 2879 insertos
1358 2844 1514 2875 confertos

213 2897 258 2928 ita
503 2899 563 2931 situ
790 2898 850 2930 situ
1073 2897 1117 2928 ita
1358 2896 1400 2926 ita

202 2952 289 2985 Vox..
306 2955 367 2987 IV.
859 2960 880 2987 5
896 2958 924 2988 Ε
