1967 3314
320 294 413 333 288
611 282 1069 331 VARIANTES
1110 280 1547 330 LECTIONES

708 466 767 486 mu
774 466 831 486 Lus
843 465 978 486 ramnu-
999 463 1191 485 Tr-nzononus
1205 464 1247 484 mc
1588 442 1628 461 Ex
1642 441 1805 461 Tn'offlu'

778 518 912 539 PERGER.

459 499 659 520 rtRRANnts.
1558 495 1632 515 PHlA
1649 493 1812 514 socnnwn

1007 516 1240 537 RAGAzonuws.

1596 548 1789 569 mrox'rmae.

495 625 621 656 Bn'xiae.
784 622 914 654 Veronoe.
1626 620 1669 650 Bi
1666 619 1760 661 ponti.

471 715 543 744 Sine
556 716 653 745 Anno.
808 713 889 742 1486.

449 805 579 835 lacerant
589 810 677 845 atque
733 800 922 838 lacerantque
1015 801 1203 840 lacerantque
1297 800 1485 839 lacerantque
1580 799 1768 838 lacerantque

449 855 571 884 cohona
735 853 836 877 coorta
1016 855 1116 880 coorta
1298 854 1416 878 coarcta
1581 852 1682 876 coorta

346 910 404 938 530
451 915 572 943 quaeque
737 908 850 937 queque
1018 909 1140 939 quaeque
1299 908 1425 937 quaeque
1582 907 1705 935 quaeque

347 959 401 987 631
452 962 523 981 suco
738 958 809 977 suco
1019 958 1090 976 suco
1583 955 1671 974 succo

453 1001 533 1030 deest
738 998 818 1027 deest
1021 996 1100 1026 deest
1584 995 1614 1024 in

453 1049 510 1078 fine
739 1047 803 1077 sine
1022 1046 1085 1076 sine
1585 1043 1642 1073 fine

349 1106 406 1135 632
454 1110 523 1128 vere
740 1106 808 1126 vere
1023 1106 1092 1125 vere
1586 1103 1656 1123 vero

455 1148 555 1179 fauces
739 1147 840 1176 fauces
1023 1144 1123 1174 fauces
1588 1143 1698 1174 fauceis

456 1197 646 1238 precipitavit
741 1195 928 1236 precipitavit
1024 1194 1211 1234 precipitavit
1307 1193 1502 1234 praecipitavit
1588 1194 1784 1235 praecipitavit

352 1256 409 1283 633
456 1250 574 1280 deditur
740 1246 851 1275 diditur
1024 1244 1135 1274 diditur
1307 1244 1416 1273 diditur
1589 1244 1699 1274 diditur

353 1305 410 1333 634
457 1300 612 1339 quicquam
742 1296 882 1335 quiquam
1025 1294 1164 1334 quiquam
1307 1293 1463 1333 quicquam
1590 1294 1748 1334 quidquam

354 1354 410 1382 635
461 1348 627 1378 Dummodo
745 1347 824 1375 Dum
838 1345 923 1375 modo
1027 1345 1106 1374 Dum
1121 1343 1205 1373 modo
1311 1341 1478 1372 Dummodo
1592 1343 1760 1373 Dummodo

459 1408 562 1438 posses
580 1406 583 1412 ⁴
743 1394 839 1436 possis
1027 1395 1123 1435 possis
1310 1392 1406 1432 possis
1591 1393 1688 1435 possis

355 1452 412 1480 636
460 1446 610 1476 humidum
744 1444 872 1474 umidum
1027 1444 1156 1474 umidum
1309 1442 1476 1470 humectum
1592 1445 1759 1474 humectum

356 1501 414 1532 637
462 1496 512 1535 qui
745 1494 795 1534 qui
1028 1494 1078 1533 qui
1310 1492 1361 1530 qui
1593 1505 1644 1524 cur

357 1551 414 1579 638
464 1543 630 1584 Expediam
748 1542 918 1583 Expedeam
1031 1543 1204 1583 Expedeam
1314 1539 1477 1580 Expediam
1595 1542 1758 1582 Expediam

464 1604 595 1624 amarum
608 1598 656 1621 est
747 1602 877 1622 amarum
889 1596 937 1621 est
1030 1602 1160 1621 amarum
1174 1596 1221 1621 est
1312 1592 1473 1618 amarumst
1594 1591 1767 1621 amamm'st

359 1649 417 1680 639
464 1640 603 1681 perdulce
748 1642 886 1683 perdulce
1031 1640 1169 1680 perdulce
1314 1637 1451 1678 perdulce
1595 1642 1740 1684 praeduloe

359 1697 418 1726 640
466 1692 496 1721 in
748 1692 827 1722 deest
1033 1690 1111 1719 deest
1315 1690 1345 1718 in
1597 1694 1626 1723 in

471 1740 675 1779 differitasque
749 1742 980 1781 differentasque
1033 1740 1263 1780 differentasque
1315 1739 1547 1778 differitasquest
1597 1743 1840 1784 differitasque&

508 1795 556 1820 est
789 1796 837 1821 est
1066 1796 1114 1822 est

362 1846 417 1875 641
467 1840 534 1870 aliis
749 1840 817 1871 aliis
1035 1840 1102 1870 aliis
1317 1838 1383 1868 aliis
1599 1843 1656 1874 alis

467 1891 521 1921 fiat
750 1890 816 1920 fuat
1034 1891 1099 1920 fuat
1317 1889 1382 1918 fuat
1597 1893 1663 1924 fuat

469 1951 537 1970 acre
752 1950 820 1969 aere
1035 1950 1103 1970 aere
1319 1948 1385 1968 acre
1600 1953 1667 1972 acre

364 1994 422 2022 642
471 1989 529 2019 Est
754 1989 796 2019 Et
1037 1989 1079 2018 Et
1321 1988 1377 2017 Est
1605 1992 1664 2022 Est

469 2039 570 2078 itaque
753 2039 853 2077 itaque
1035 2039 1135 2077 itaque
1319 2037 1420 2076 itaque
1603 2042 1707 2082 utique

470 2088 596 2118 hominis
753 2087 885 2117 homines
1036 2088 1168 2118 homines
1321 2086 1446 2116 hominis
1604 2090 1730 2120 hominis

471 2149 536 2178 quae
754 2147 811 2176 que
1036 2149 1093 2178 que
1320 2147 1385 2175 quae
1604 2139 1684 2169 deest

471 2194 553 2218 tacta
754 2191 836 2217 tacta
1037 2192 1120 2218 tacta
1321 2189 1403 2214 tacta
1605 2193 1743 2219 contacta

471 2237 574 2268 salivis
755 2236 855 2266 salvus
1038 2237 1138 2267 salvus
1320 2234 1422 2263 salivis
1605 2239 1706 2270 salivis

368 2290 425 2318 643
474 2287 609 2327 Disperit
759 2285 900 2325 Desperit
1040 2285 1182 2325 Desperit
1323 2285 1459 2324 Disperit
1606 2289 1745 2329 Disperit

369 2339 426 2367 644
473 2341 620 2366 veratrum
757 2339 901 2364 veretrum
1040 2341 1185 2365 veretrum
1324 2340 1471 2364 veratrum
1606 2342 1754 2369 veratrum

474 2397 542 2416 acre
758 2394 826 2413 aere
1041 2396 1108 2415 aere
1608 2398 1676 2418 acre

370 2438 427 2466 645
475 2439 520 2468 At
760 2434 806 2461 Ac
819 2433 865 2462 cai
1041 2437 1087 2464 Ac
1099 2435 1143 2464 cai
1609 2440 1653 2468 At

370 2487 428 2516 646
478 2487 515 2516 Id
761 2482 797 2511 Id
1044 2485 1080 2514 Id
1609 2489 1652 2519 Ut

477 2540 511 2565 ut
540 2530 543 2532 “
760 2536 794 2562 ut
1042 2539 1077 2565 ul.
1608 2537 1639 2568 id

372 2586 429 2617 647
478 2597 544 2625 quae
761 2593 818 2622 que
1042 2595 1107 2624 quae
1609 2596 1678 2627 quae

373 2635 430 2663 648
478 2635 572 2665 mixta
761 2632 855 2661 mixta
1042 2634 1135 2663 mixta
1325 2633 1418 2663 mixta
1608 2635 1697 2665 mista

479 2685 572 2714 teneri
762 2686 861 2711 tenere
1041 2688 1142 2713 tenere
1326 2683 1420 2712 teneri
1607 2684 1701 2716 teneri

374 2734 430 2764 049
478 2744 657 2773 quascunque
761 2741 933 2771 quecunque
1042 2742 1215 2773 quecunque
1327 2742 1507 2774 quaecunque
1607 2742 1787 2774 quincunque

373 2782 427 2810 651
479 2783 588 2813 circum
601 2793 721 2813 cessura
761 2781 870 2811 circum
882 2790 986 2810 cesura
1043 2783 1150 2812 circum
1167 2792 1272 2812 cesura
1325 2784 1434 2814 circum
1448 2786 1569 2812 textura
1608 2781 1832 2811 circumcaesura

481 2832 617 2861 cohercet
763 2835 878 2861 coercet
1042 2837 1159 2862 coercet
1325 2837 1441 2861 coercet
1608 2835 1725 2860 coercet

372 2877 431 2911 652
479 2884 510 2910 et
760 2884 792 2909 et
1043 2887 1073 2912 et
1325 2885 1356 2911 et
1609 2891 1645 2910 ac

478 2934 618 2960 coustant
762 2934 900 2961 constant
1044 2935 1181 2961 constant
1326 2934 1464 2961 constant
1608 2929 1720 2960 distant
