1967 3314
295 264 393 306 444
692 253 1303 305 ANNOTATIONES

456 393 524 423 612
548 387 808 435 AEstg'ferumut
823 394 961 423 tantum
976 387 1154 424 radiorum
1172 395 1343 436 exaugeat
1357 389 1477 425 ictum.

333 466 420 509 Lege
437 468 577 500 AEstifer.

457 574 523 602 638
551 566 622 612 Qui
638 573 745 613 queat
760 566 890 603 aestivis
905 567 1004 602 solem
1021 566 1208 603 detrudere
1223 567 1329 614 signis

338 646 393 677 An
408 645 556 678 Lunam?

457 751 526 780 642
550 745 597 780 Et
612 745 750 780 ratione
765 743 841 790 pari
855 744 980 788 lunam,
995 744 1184 792 stellasque
1203 745 1457 792 putandum’st,

336 826 392 856 An
410 824 534 857 Solem?

457 931 525 961 654
549 925 611 961 Vis
628 924 764 968 eadem,
779 936 906 971 supera
919 930 1028 961 terras
1044 937 1122 972 quae
1137 926 1283 973 pertulit
1298 928 1428 962 orbem.

335 1009 391 1040 Fo.
413 1014 511 1040 terrae.

457 1117 525 1148 675
549 1112 634 1147 Non
649 1113 744 1148 nimis
758 1113 892 1148 incertis
906 1111 998 1147 fiunt
1012 1111 1049 1146 in
1065 1111 1221 1158 partibus
1237 1111 1331 1146 anni.

336 1196 444 1227 Nimis
459 1195 584 1225 incertis
593 1194 610 1224 ?

457 1307 523 1336 677
548 1299 660 1346 Atqui
676 1301 726 1334 uti
740 1311 797 1335 res
813 1299 936 1335 mundi
952 1299 1113 1335 cecidere
1135 1299 1176 1334 ab
1192 1299 1320 1345 origine
1328 1298 1455 1344 prima,

332 1385 509 1427 Epicurus:
533 1397 616 1415 κατα
631 1398 682 1417 την
697 1385 725 1423 ἒξ
739 1387 837 1426 ἀρχῆς
854 1385 878 1414 ἓν
894 1398 930 1426 τῃ
946 1397 1048 1423 γενεσει
1064 1397 1114 1415 ‘rou
1128 1397 1237 1423 κοσμου
1251 1385 1394 1422 u'myzm.

459 1493 526 1522 726
551 1486 602 1521 Ut
618 1484 833 1530 Babylonica
850 1483 1039 1519 c'haldaeum
1056 1483 1217 1519 doctrina
1231 1482 1386 1518 refutans

340 1564 535 1598 chaldaefim.

460 1674 526 1703 7:36
552 1667 586 1701 It
602 1666 684 1709 Ver,
701 1671 737 1700 et
755 1665 878 1700 Venus
895 1670 931 1699 et
953 1664 1088 1699 Veneris
1104 1662 1323 1710 praenuntius
1339 1668 1420 1698 ante

338 1749 392 1779 An
410 1745 519 1777 Veris?

460 1855 524 1883 737
550 1847 720 1881 Pinnatus
735 1845 891 1891 graditur
908 1845 1090 1891 Zephyrus
1105 1843 1250 1890 vestigia
1264 1850 1424 1890 propter:

336 1932 427 1973 'Hpov;
444 1932 577 1970 ἄγγελος
593 1937 635 1957 an
651 1928 715 1966 ζων.
762 1927 817 1956 An
834 1925 978 1965 Zephyri.

459 2032 526 2061 805
552 2026 644 2060 Hinc
660 2025 713 2059 ubi
730 2035 877 2071 quaeque
894 2022 964 2058 loci
978 2022 1075 2068 regio
1091 2028 1291 2069 opportuna
1306 2021 1466 2064 dabatur,

339 2106 436 2138 MSS.
462 2105 624 2142 Heccubi;
648 2104 732 2135 Ecce
747 2104 819 2142 ubi;
843 2104 918 2134 Hoc
940 2103 1010 2142 ubi3
1032 2103 1083 2133 Ac
1098 2103 1166 2133 tibi.
1205 2103 1303 2143 Lege,
1322 2101 1388 2132 Hic
1402 2102 1466 2133 ubi.
1499 2101 1568 2133 Lib.
1587 2100 1647 2132 VI.
1662 2110 1708 2132 vv.
1725 2103 1796 2139 275,

295 2165 368 2199 445,
384 2164 460 2199 525,
477 2163 549 2192 686.

459 2269 528 2298 884
553 2260 661 2307 Quod
672 2262 796 2307 potuit,
811 2266 978 2306 nequeat:
1006 2257 1118 2305 possit
1134 2257 1229 2304 quod
1245 2269 1317 2292 non
1335 2256 1416 2292 tulit
1432 2263 1528 2293 ante.

338 2347 426 2387 Lege
440 2343 526 2383 tulit,
541 2349 576 2374 ut
593 2348 735 2384 nequeat.

475 2448 541 2477 887
566 2440 819 2486 Androgynum
835 2438 927 2474 inter
941 2444 1071 2481 utrum,
1086 2448 1151 2473 nec
1167 2442 1355 2483 utrumque
1370 2442 1407 2470 et
1422 2435 1610 2482 untrinque
1625 2440 1798 2471 remotum

338 2519 460 2550 Versus
474 2515 597 2547 delend.

461 2621 528 2650 839
554 2613 675 2648 Multa
691 2612 767 2648 sine
783 2622 844 2647 ore
861 2610 966 2646 etiam
996 2609 1071 2645 sine
1086 2608 1186 2645 voltu
1203 2620 1297 2645 caeca
1311 2614 1463 2656 reperta,

338 2698 417 2739 Leg.

511 2772 606 2803 Muta
618 2770 687 2802 sine
701 2780 766 2809 ore,
782 2769 877 2801 etiam
892 2768 959 2799 sine
974 2768 1059 2800 voltu
1073 2777 1156 2799 caeca
1170 2772 1304 2807 reperta,

469 2876 536 2906 866
559 2869 653 2908 Nam
669 2868 796 2917 cupide
811 2867 931 2913 fugere
946 2866 1049 2910 feras,
1063 2877 1255 2914 pacemque
1270 2869 1392 2900 secutoe

341 2948 464 2981 Secuta.
