1967 3314
569 223 786 274 LIBRI
826 221 1146 281 QUARTI.
1534 233 1626 274 303

1379 380 1420 399 Ex
1434 381 1603 403 TYPOGRA·

1351 433 1428 453 PHIA
1443 433 1621 457 socm'tA'rls

1391 486 1582 508 BIPONTINAE.

502 405 624 426 PAULUS
639 404 775 426 FMDEN-
801 405 990 426 Timononus
1005 405 1046 425 DE

256 437 456 461 FERRANDUS.

572 458 706 480 PERGER.
805 459 1038 480 RAGAZONIBUS.

287 562 415 593 Brixiae.

1417 556 1554 597 Biponti.

576 563 615 593 Vc
619 574 704 595 ronoe.

265 651 338 681 Sine
350 653 447 682 Anno.
599 653 681 681 1486.
882 653 968 682 1495.
1447 653 1531 683 1782.

240 740 395 771 simulacra
521 741 698 772 simulachra
803 739 981 769 simulachra
1083 735 1239 767 simulacra
1367 740 1524 770 simulacra

240 790 403 821 simulacris
521 791 706 821 simulachris
804 788 987 819 simulachris
1085 784 1248 816 simulacris
1367 790 1530 820 simulacris

241 841 368 872 amantis
521 840 647 871 amantis
803 839 932 869 amantis
1085 835 1228 865 amanteis
1365 839 1510 870 amanteis

243 891 398 931 quicquam
521 889 677 930 quicquam
803 889 959 929 quicquam
1084 886 1241 926 quicquam
1366 889 1524 928 quidquam

241 940 346 971 incerti
522 939 552 969 iu
565 940 639 970 certi
804 940 834 970 in
848 940 922 970 certi
1084 937 1190 968 incerti
1366 939 1472 969 incerti

242 1000 307 1020 cum
520 999 587 1019 cum
804 1000 870 1019 cum
1084 998 1149 1017 cum
1368 999 1455 1027 quom

236 1040 299 1080 jam
313 1044 376 1070 tum
515 1039 580 1078 jam
594 1042 663 1068 sunt
798 1040 863 1080 jam
876 1044 947 1070 sunt
1079 1037 1142 1077 jam
1161 1042 1224 1068 tum
1368 1047 1454 1076 quom
1461 1037 1525 1078 jam

240 1090 341 1129 Atque
353 1090 384 1119 in
397 1100 432 1120 eo
444 1094 491 1120 est
521 1089 565 1117 At
577 1093 673 1118 meost
804 1091 848 1118 At
861 1093 955 1118 meost
1084 1088 1145 1116 Ast
1156 1087 1187 1117 in
1200 1093 1266 1119 eost
1368 1089 1469 1127 Atque
1482 1088 1513 1117 in
1525 1098 1560 1117 eo
1573 1092 1620 1118 est

241 1140 375 1180 Affigunt
521 1138 656 1178 Affigunt
803 1137 938 1178 Affigunt
1368 1136 1514 1177 Adfig-unt

241 1189 326 1219 avide
520 1187 614 1217 avidae
803 1187 896 1217 avidae
1368 1186 1454 1215 avide

234 1239 421 1280 junguntque
521 1236 704 1278 vinguntque
804 1238 985 1278 vinguntque
1361 1236 1550 1275 junguntque

239 1288 349 1318 salivas
522 1287 631 1317 salvias
804 1288 913 1318 salvias
1367 1284 1478 1314 salivas

238 1342 392 1376 presautes
521 1342 674 1376 presantes
802 1342 963 1377 prensantes
1082 1340 1252 1375 pressantes
1365 1336 1535 1372 pressantes

239 1385 428 1425 Nequiquam
522 1386 572 1415 Ne
584 1387 722 1427 quiquam
804 1386 853 1415 Ne
866 1387 1004 1427 quiquam
1084 1384 1291 1425 Nequicquam
1368 1381 1577 1422 Nequidquam

238 1435 312 1465 nihil
520 1434 595 1464 nihil
803 1435 877 1466 nihil
1082 1433 1156 1462 nihil
1366 1432 1408 1461 nil

239 1487 336 1518 facere
801 1486 880 1517 facte
1081 1482 1180 1512 facere
1365 1482 1463 1512 facere

238 1536 318 1566 deest
802 1537 881 1567 deest
1081 1532 1163 1562 deest
1366 1533 1396 1562 id

239 1586 355 1625 cupidae
803 1587 908 1626 cupide
1081 1581 1187 1621 cupide
1366 1583 1472 1622 cupide

240 1636 345 1664 herent
521 1636 626 1665 herent
802 1637 906 1666 herent
1082 1632 1198 1661 haerent
1366 1633 1483 1662 haerent

239 1683 269 1713 in
522 1684 552 1714 in
803 1686 833 1715 in
1084 1681 1114 1710 vi
1365 1682 1395 1711 vi

239 1733 406 1773 liquescunt
521 1734 687 1773 liquescunt
802 1734 967 1774 liquescunt
1081 1732 1248 1771 liquescant
1365 1731 1531 1770 liquescunt

239 1784 336 1824 erupit
521 1784 617 1824 erupit
803 1785 899 1824 erupit
1082 1782 1180 1822 erupit
1365 1782 1445 1821 rupit

239 1836 372 1876 conjecta
520 1834 633 1873 cojecta
802 1835 914 1874 cojecta
1082 1832 1239 1871 conjuncta
1366 1830 1498 1861 conlecta

241 1885 314 1914 Cum
803 1885 876 1913 Cum
1083 1892 1148 1910 cum
1366 1880 1462 1915 Quom

239 1939 372 1974 quaerunt
802 1938 935 1972 quaerunt
1083 1935 1217 1970 quaerunt
1365 1933 1498 1968 quaemnt

239 1995 305 2024 quae
801 1993 866 2021 quae
1084 1991 1149 2019 quae
1366 1987 1434 2017 quae

238 2034 339 2064 vincat
520 2034 639 2063 vincant
802 2032 920 2063 vincant
1085 2029 1206 2059 vincant
1366 2027 1466 2057 Vincat

238 2084 343 2113 incerti
519 2082 625 2112 incerti
802 2082 831 2111 iu
849 2085 922 2113 certi
1084 2079 1190 2108 incerti
1366 2081 1471 2106 incerti

240 2134 360 2164 vulnere
521 2131 637 2161 volvere
803 2132 918 2161 volvere
1085 2128 1202 2158 volnere
1367 2126 1484 2156 volnere

238 2193 320 2213 caeco
520 2186 584 2211 toto
803 2186 866 2213 toto
1085 2189 1163 2209 caeco
1368 2187 1445 2205 caeco

239 2233 427 2262 adsummunt
520 2231 707 2261 adsummunt
803 2232 990 2264 adsummunt
1085 2230 1244 2260 adsumunt
1367 2228 1524 2257 absumunt

240 2282 337 2312 nervis
521 2281 619 2311 nervis
803 2282 900 2313 nervis
1087 2290 1192 2310 nervos
1368 2277 1456 2307 vireis

241 2335 419 2371 pereuntque
521 2336 684 2372 petuntque
804 2336 967 2372 peruntque
1086 2333 1267 2369 pereuntque
1368 2331 1548 2367 pereuntque

239 2380 359 2420 degitur
521 2381 634 2420 tegitur
805 2381 916 2420 tegitur
1086 2378 1206 2418 degitur
1367 2376 1485 2416 degitur

240 2429 388 2460 babilonia
522 2430 667 2459 babilonia
804 2430 951 2459 babilonia
1086 2428 1242 2468 babylonia
1368 2424 1532 2454 vadimonia

240 2484 367 2519 aegrotat
522 2484 640 2519 egrotat
804 2483 921 2519 egrotat
1085 2482 1211 2518 aegrotat
1368 2478 1493 2514 aegrotat

240 2529 366 2569 vigilans
521 2527 648 2568 vigilans
751 2566 754 2568 q
803 2529 930 2569 vigilans
1084 2526 1214 2556 vacilans
1369 2524 1509 2554 vacillans

240 2579 363 2618 pulchra
522 2577 631 2617 pulcha
803 2577 911 2617 pulcha
1085 2576 1206 2617 pulchra
1368 2574 1490 2615 pulchra

240 2627 371 2668 sicyonia
522 2627 643 2667 sicyona
803 2628 924 2667 sicyona
1085 2626 1217 2665 sicyonia
1367 2623 1498 2664 sicyonia

240 2678 426 2708 includuntur
522 2677 674 2707 includunt
802 2677 955 2707 includunt
1085 2675 1271 2706 includuntur
1367 2673 1554 2703 includuntur

239 2729 389 2759 thalasina
522 2727 699 2757 thasmalma
804 2725 981 2755 thasmalma
1086 2724 1250 2755 thalassina
1367 2721 1531 2752 thalassina

239 2779 313 2808 bene
522 2788 594 2807 vene
804 2786 877 2805 vene
1087 2775 1161 2804 hone
1368 2772 1441 2801 bene

239 2833 355 2868 patrum
521 2831 659 2866 patruum
804 2830 942 2865 patruum
1089 2828 1204 2864 patrum
1368 2825 1485 2861 patrum

239 2877 331 2909 fluunt
522 2877 614 2908 fluunt
803 2875 896 2906 fluunt
1088 2874 1162 2904 fiunt
1369 2871 1442 2902 fiunt
