1967 3314
423 470 428 476 ¹
733 446 853 466 munus
865 446 997 466 111101111-
1025 445 1216 467 'ran-ononus
1231 446 1271 466 m:
1609 428 1650 447 ¹³¹
1662 426 1827 448 TTPOGRQ
1847 444 1849 449 ’

432 481 435 483 >
481 476 683 498 nnnAxnvs.
801 499 935 521 PERGER·
1028 500 1261 522 RAGAZONIBUS.
1374 479 1487 501 Annus.
1584 482 1661 502 mm
1679 481 1858 502 soclzTAsss

1625 535 1820 555 meos-rma.

516 601 641 631 Brixiae.
793 603 921 632 Veronoe.
1084 606 1220 636 Venetiam
1366 604 1507 636 Venetiis.
1654 605 1788 645 Biponti.

375 651 413 680 ν’
494 688 566 717 Sine
579 689 676 719 Anno.
829 692 912 720 1486.
1113 699 1194 728 1495.
1400 697 1484 723 1500.
1681 696 1764 725 1782.

346 787 421 815 1065
467 778 568 817 parilis
751 780 854 820 parilis
1034 783 1135 823 parilis
1321 781 1440 822 parileis
1589 795 1592 798 -
1605 781 1724 822 parneis

467 827 569 857 diebus
751 830 854 858 diebus
1035 833 1138 862 diebus
1319 831 1423 860 diebus
1606 830 1729 869 diesque

346 886 420 917 1067
470 879 526 908 Sed
550 889 642 908 vanus
663 884 723 908 sto·
753 877 810 907 Sed
835 888 927 908 vanus
946 882 1008 908 sto·
1037 882 1094 911 Sed
1114 892 1188 911 anus
1208 880 1291 911 stoli·
1313 881 1371 910 Sed
1390 891 1483 910 vanus
1496 879 1578 909 stoli·
1603 878 1661 908 Sed
1675 889 1768 910 vanus
1781 880 1850 909 stoli

347 1082 422 1110 1068

348 1382 423 1411 1070

349 1580 419 1609 1071

349 1777 424 1806 1072

351 1877 425 1906 1073

351 1977 426 2005 1074·

354 2072 427 2105 1075

353 2123 426 2154 1076

354 2175 427 2203 1077

354 2224 428 2253 1078

355 2323 430 2349 1080

356 2373 426 2399 1081

357 2473 430 2499 1082

358 2522 430 2548 1083

358 2572 430 2597 1084-

359 2617 433 2646 1085

360 2717 432 2745 1086

361 2866 431 2896 1087

500 927 567 958 lidis
581 929 647 957 haec

784 927 854 957 lidis
867 928 922 958 hec

1068 931 1113 960 dis
1127 931 1182 960 1100

1337 929 1384 959 dis
1403 931 1469 958 haec
1483 929 1572 958 omni

1339 978 1467 1017 parturit
1487 988 1579 1012 error,

1626 928 1673 958 dis
1685 929 1752 959 haec
1768 940 1829 960 om·
1839 930 1845 936 ”

1628 978 1747 1008 finxerit
1760 989 1854 1014 error,

470 1026 618 1066 Amplexu
645 1027 724 1067 quod
753 1025 893 1065 Amplexi
919 1026 996 1065 quod
1036 1030 1174 1070 Amplexi
1195 1029 1273 1069 quod
1302 1027 1455 1067 Amplexis
1480 1027 1557 1067 quod
1592 1026 1857 1068 Amplexiqnodha

1331 1077 1581 1117 hebentperverse
1641 1077 1712 1107 bent
1731 1087 1820 1118 pesve
1840 1091 1869 1103 :2

501 1076 609 1106 habent
623 1078 697 1117 perii

470 1174 549 1204 Nam
562 1176 687 1205 medium

500 1226 571 1255 nihil
582 1237 648 1256 esse
659 1237 708 1267 po·

498 1280 558 1306 test

469 1376 594 1415 denique

470 1427 587 1455 0111111110

465 1477 528 1516 jam

470 1525 550 1555 deest

471 1576 565 1615 possit

471 1625 626 1664 quicquam

471 1673 550 1703 deest

471 1723 550 1752 deest

471 1773 584 1803 ratione

471 1822 551 1852 deest

472 1872 502 1901 in

471 1922 551 1951 deest

473 1971 630 2001 concedere

473 2020 553 2050 deest

473 2074 560 2099 erunt

474 2120 611 2149 convenit

475 2168 553 2198 deest

475 2223 572 2248 31110111
586 2223 633 2249 est

476 2268 543 2298 ullis

479 2317 508 2346 H
514 2317 572 2347 aud

477 2367 631 2397 concilium

477 2416 619 2457 cupedine

478 2466 614 2506 quoniam

477 2521 623 2545 teerarum

478 2578 658 2609 magnasque

479 2623 581 2647 1010110

479 2678 544 2706 quae

480 2717 576 2747 tenuis

481 2766 556 2795 neris

480 2814 559 2843 deest

481 2863 609 2893 differ-ier

479 2913 556 2953 ignis

783 1076 895 1106 habent
907 1087 979 1116 peru

1069 1078 1179 1109 habent
1193 1088 1265 1117 peru

1334 1126 1428 1167 prima
1440 1126 1510 1157 viai*-

1642 1126 1737 1166 prima
1749 1126 1819 1156 via'i.

753 1176 822 1205 Jam
833 1175 958 1205 medium
969 1176 1010 1205 ¹¹1-
1037 1180 1058 1209 J
1061 1190 1107 1210 am
1117 1179 1243 1208 medium
1254 1177 1295 1207 ni-
1315 1176 1334 1205 J
1338 1187 1385 1206 am
1399 1176 1527 1206 medium
1541 1177 1580 1206 111-
1601 1175 1682 1205 Nam
1693 1175 1819 1205 medium
1827 1175 1868 1204 ni-

781 1225 823 1254 hil
837 1235 902 1255 esse
912 1230 1011 1266 potest
1067 1228 1110 1259 1111
1122 1239 1188 1259 esse
1198 1232 1297 1268 potest
1346 1225 1388 1255 hil
1398 1236 1464 1255 esse
1474 1231 1580 1265 potest,

757 1374 884 1413 denique

756 1424 872 1453 omnino

750 1474 814 1514 jam

757 1523 835 1553 deest

757 1573 868 1613 posssit

757 1622 911 1662 quicquam

758 1671 839 1701 deest

757 1721 837 1751 deest

757 1771 870 1800 ratione

758 1820 837 1850 deest

752 1870 843 1899 inane

758 1930 895 1950 vocamus

757 1969 916 1999 concedere

759 2018 839 2048 deest

759 2068 893 2098 feruntur

759 2129 903 2148 convenen-

760 2167 839 2197 deest

761 2223 858 2249 autem
873 2224 919 2249 est

761 2268 829 2298 ullis

765 2318 852 2348 Hanc

727 2378 730 2380 ·
763 2368 914 2398 concilium

763 2417 888 2457 cupidne

765 2466 901 2505 quoniam

763 2520 906 2546 terrarum

764 2576 945 2606 magnasque

765 2622 882 2647 terreno

765 2677 822 2706 que

766 2717 862 2747 tenuis

765 2770 848 2796 artus

764 2815 844 2845 deest

763 2864 901 2895 disserier

764 2913 841 2954 ignis

1042 1368 1168 1408 denique

1041 1417 1158 1447 omnino

1037 1469 1101 1509 jam

1041 1517 1121 1547 deest

1043 1568 1137 1608 possit

1043 1618 1197 1657 quicquam

996 1683 1000 1686 -
1043 1667 1122 1697 deest

1045 1925 1181 1945 vocamus

1044 1964 1202 1994 concedere

1044 2014 1124 2044 deest

1044 2065 1177 2094 seruntur

1046 2124 1206 2144 convenere

1046 2163 1125 2193 deest

1045 2218 1143 2244 autem
1157 2219 1204 2244 est

1046 2264 1134 2295 ullius

1051 2315 1119 2344 Hac

1048 2364 1201 2394 concilium

1048 2414 1184 2454 cupidine

1049 2464 1184 2504 quoniam

1049 2518 1192 2544 terrarum

1048 2574 1229 2605 magnasque

1049 2618 1166 2644 terreno

1049 2675 1106 2704 que

1049 2715 1145 2745 tenuis

1049 2769 1132 2794 artus

1050 2815 1080 2844 in

1048 2864 1187 2896 disserier

1048 2913 1125 2954 ignis

1632 1224 1674 1255 hil
1683 1235 1750 1255 esse
1760 1228 1868 1266 potest,

1350 1275 1399 1304 ubi
1427 1275 1513 1306 inane
1540 1276 1581 1306 lo·
1634 1275 1684 1305 nbi
1699 1275 1800 1306 'inane
1825 1274 1870 1305 lo-

1349 1335 1459 1364 cusque

1326 1379 1358 1404 et
1370 1374 1496 1414 denique

1327 1424 1355 1453 in
1369 1424 1446 1453 ornni

1328 1473 1410 1503 deest

1327 1524 1451 1554 medium
1466 1525 1506 1555 sit

1328 1573 1422 1613 possit

1327 1622 1482 1662 quicquam

1328 1672 1385 1701 hac
1398 1672 1497 1711 potius

1328 1731 1418 1750 causa

1330 1770 1449 1810 regione

1329 1830 1447 1850 manere

1329 1869 1414 1899 inane

1330 1929 1467 1950 vocamus

1329 1970 1488 2000 concedere

1328 2025 1446 2060 oportet

1330 2070 1462 2100 seruntur

1330 2133 1395 2151 cum
1409 2132 1514 2152 venere

1330 2172 1359 2201 in

1329 2226 1429 2252 autest

1331 2271 1399 2301 ullis

1334 2321 1425 2350 Haud

1332 2369 1486 2399 concilium

1332 2419 1473 2460 cupedine

1333 2469 1469 2508 quoniam

1334 2523 1476 2552 terrarum

1333 2577 1514 2608 magnasque

1333 2622 1450 2648 terreno

1333 2678 1399 2707 quae

1334 2716 1448 2747 tenueis

1332 2767 1410 2797 aeris

1332 2816 1413 2845 deest

1332 2864 1475 2894 differrier

1331 2914 1426 2955 igneis

1631 1334 1742 1364 cneque

1612 1384 1705 1414 neque

1611 1424 1729 1454 omnino

1606 1475 1670 1515 jam

1613 1524 1738 1554 medium
1754 1524 1795 1554 sit

1614 1573 1708 1613 possit

1614 1622 1774 1662 quidquam

1614 1672 1670 1702 hac
1682 1672 1781 1712 potius

1615 1732 1705 1752 causa

1615 1772 1735 1813 reg-ione

1616 1832 1734 1852 manere

1616 1871 1703 1901 inane

1617 1931 1754 1951 vocamus

1616 1970 1758 2000 concedat

1616 2024 1734 2060 oportet

1615 2069 1747 2099 feruntur

1615 2129 1680 2149 cum
1692 2128 1798 2149 venere

1616 2178 1646 2200 111

1617 2219 1759 2250 autem'st

1617 2269 1675 2299 illis

1618 2479 1733 2509 quoque
1740 2469 1804 2511 jam

1618 2523 1761 2549 tertarum

1617 2568 1790 2609 magnisque

1618 2623 1734 2649 terreno

1617 2679 1683 2708 quae

1617 2722 1721 2747 tenues

1616 2767 1693 2796 aeris

1615 2815 1695 2846 deest

1614 2865 1758 2896 differrier

1616 2913 1711 2955 igneis
