1967 3314
635 259 858 310 LIBRI
905 260 1204 318 QUINTI.
1575 272 1668 319 337

527 445 650 466 murus
661 443 800 466 mumm-
826 444 1019 466 Tnzononus
1033 445 1074 465 ms
1415 421 1457 441 Ex
1469 422 1632 446 TYpoGssA'

276 477 478 500 renuamus,
597 500 724 520 PERGER
829 500 1056 522 uAGAzomnus
1183 476 1298 498 Annus.
1385 475 1464 495 PmA
1479 476 1643 500 socnz'mn

725 513 733 521 ⁶
1057 513 1065 521 ⁶
1426 530 1619 554 mrum-mm.

307 602 435 633 Brixiae.
591 603 722 635 Vermzae.
875 606 1014 637 Venetiz's.
1166 601 1306 632 Vewtiis.
1454 603 1555 644 Bipon
1559 604 1589 635 ti.

282 690 357 720 Sine
368 691 467 722 Anno.
906 702 988 731 1495,
1194 696 1280 723 1500.
1480 698 1566 727 1782.

258 794 379 815 necesse
391 789 439 815 est
544 788 696 826 necessest
830 790 982 817 necessest
1116 786 1269 811 necessest
1402 783 1567 814 necesse'st

261 834 328 864 Nee
545 833 588 863 Ut
830 835 872 865 Ut
1119 831 1187 861 Nec
1405 831 1472 862 Nec

258 885 419 925 procudere
543 882 714 922 procludere
829 886 1004 926 procludere
1117 881 1278 922 procudere
1402 883 1563 923 procudere

259 945 438 975 quaecunque
543 943 717 974 quecunque
829 946 1002 976 quecunque
1117 941 1298 971 quaecunque
1402 942 1584 973 quaecunque

259 982 340 1012 vesci
543 982 622 1013 vesti
828 984 907 1015 vesti
1117 981 1198 1011 vesci
1402 982 1484 1012 vesci

258 1036 360 1062 tutata
545 1036 612 1062 tuta
828 1040 897 1065 tuta
1115 1034 1216 1060 tutata
1402 1035 1502 1062 tutata

259 1093 413 1114 reservans
544 1086 680 1114 retruans
829 1090 966 1117 ren-nans
1116 1089 1272 1110 reservans
1403 1091 1559 1112 reservans

259 1143 326 1172 quae
544 1142 603 1171 que
829 1145 898 1174 quae
1116 1139 1184 1168 quae
1402 1142 1469 1170 quae

259 1182 364 1213 tuoelae
543 1180 638 1211 tutele
829 1184 925 1215 tutele
1116 1178 1219 1209 tutelae
1402 1181 1507 1211 tutelae

259 1243 327 1262 acre
544 1242 613 1261 aere
828 1246 897 1265 aere
1117 1238 1185 1257 acre
1403 1240 1470 1259 acre

259 1281 351 1311 saecla
544 1281 625 1311 secla
830 1285 911 1315 secla
1117 1281 1199 1311 secla
1403 1279 1492 1308 saecla

259 1331 374 1360 Tutata
385 1334 434 1361 est
545 1331 658 1362 Tutast
829 1335 943 1364 Tutast
1116 1333 1247 1359 tutatast
1405 1327 1563 1357 Tutata'st

257 1380 361 1420 vulpes
542 1379 646 1420 volpes
829 1383 932 1423 volpes
1116 1381 1219 1421 volpes
1403 1378 1520 1418 vulpeis

257 1436 292 1461 ut
542 1434 577 1459 ut
829 1437 864 1462 ut
1117 1434 1150 1460 et
1404 1432 1436 1457 et

258 1482 303 1511 At
543 1481 589 1509 At
830 1483 875 1512 At
1118 1481 1161 1511 Et
1405 1479 1450 1507 At

258 1530 332 1560 levis
345 1541 398 1561 ora
543 1528 617 1559 levis
630 1530 728 1560 omnia
830 1531 905 1562 levis
918 1531 1017 1561 omnia
1117 1530 1280 1560 levisomna
1405 1527 1567 1558 levisomna

258 1581 352 1610 veteri
365 1591 423 1611 nou
544 1579 638 1609 veteri
651 1589 710 1609 nou
830 1580 925 1611 veteri
939 1591 998 1611 non
1118 1580 1252 1610 veterino
1405 1578 1538 1607 veter-ino

259 1629 474 1671 Lanigeraeque
545 1629 753 1671 Lauigereque
832 1630 1041 1672 Laniger-eque
1119 1630 1334 1670 Lanigeraeque
1406 1627 1624 1668 Lanigeraeque

259 1680 385 1710 buooera
545 1679 659 1720 bug-em.
830 1682 944 1721 bugera
1119 1681 1228 1710 bucera
1405 1676 1514 1706 bucera

259 1729 349 1759 saecla
545 1729 627 1760 secla
831 1730 913 1760 secla
1120 1729 1201 1760 secla
1405 1725 1494 1755 saecla

200 1785 212 1792 ”
259 1779 361 1810 tutelae
545 1778 644 1808 tucela
831 1784 896 1810 tute
910 1779 939 1809 la
1119 1780 1221 1810 tutelae
1405 1776 1508 1806 tutelae

260 1840 422 1870 pacemque
544 1839 703 1869 paremque
832 1840 991 1871 paremque
1120 1841 1280 1870 pacemque
1404 1837 1565 1867 pacemque

260 1879 381 1918 praemia
545 1878 658 1918 premia
830 1879 944 1919 premia
1120 1881 1240 1920 praemia
1405 1877 1525 1917 pr-aemia

261 1930 306 1958 At
545 1929 593 1957 Ae
832 1931 880 1959 Ac
1120 1931 1164 1960 At
1405 1929 1450 1956 At

259 1978 326 2017 quis
545 1977 611 2016 quis
831 1979 898 2019 quis
1119 1980 1185 2018 quis
1404 1976 1489 2015 queis

259 2027 289 2056 iu
543 2027 575 2056 in
829 2030 859 2059 ‘m
1120 2028 1160 2057 nil
1405 2025 1446 2055 nil

175 2087 192 2097 Ρ
258 2087 349 2116 quare
545 2087 633 2116 quam
828 2089 917 2118 quam
1119 2088 1209 2117 quare
1404 2085 1496 2114 quare

175 2137 213 2161 ”2
259 2125 396 2155 Presidio
546 2126 682 2157 Presidio
830 2129 974 2159 Praesidio
1121 2127 1267 2157 Praesidio
1406 2125 1549 2155 Praesidjo

256 2186 382 2216 esseque
543 2188 610 2207 esse
623 2187 681 2216 que
825 2189 896 2209 esse
909 2188 978 2218 quae
1119 2187 1245 2217 esseque
1406 2185 1530 2214 esseque

257 2229 321 2258 haec
543 2228 599 2256 hec
829 2229 892 2258 haec
1120 2227 1183 2255 haec
1406 2226 1470 2254 haee

256 2278 357 2317 praede
543 2277 662 2317 precide
829 2279 947 2319 precide
1120 2275 1226 2315 praedae
1407 2274 1520 2314 praedae

259 2328 363 2356 Donec
546 2328 651 2356 Donec
836 2331 941 2359 Donec
1119 2327 1212 2355 donec
1409 2325 1555 2354 Donicum

258 2377 377 2406 fuerant
544 2376 664 2406 fuerant
828 2379 949 2408 fuerant
1120 2374 1239 2403 fuerant
1406 2374 1525 2403 suerunt

259 2437 314 2455 nec
545 2437 599 2456 nec
831 2439 887 2458 nec
1121 2434 1175 2452 uec
1407 2434 1503 2463 neque

258 2479 371 2515 queunt
546 2478 660 2514 queunt
832 2480 945 2516 queunt
1121 2476 1212 2511 queat
1406 2477 1498 2513 queat

259 2525 359 2565 parvis
550 2523 650 2563 parvis
834 2524 934 2566 parvis
1121 2522 1242 2562 paribus
1406 2534 1461 2564 par
1474 2523 1520 2554 vis

259 2574 339 2603 deest
548 2573 592 2603 sic
832 2576 876 2606 Sic
1121 2570 1201 2600 deest
1407 2573 1451 2603 sic

259 2634 328 2664 pars
547 2633 617 2663 pars
831 2636 902 2666 pars
1122 2628 1175 2658 pal*
1407 2622 1488 2652 deest

259 2674 338 2714 potis
352 2674 393 2704 sit
548 2672 676 2712 potisset
833 2675 960 2715 petisset
1122 2668 1200 2708 potis
1220 2668 1262 2700 Sit
1406 2672 1485 2712 potis
1499 2672 1540 2702 sit

259 2734 352 2763 equus
549 2731 656 2760 aequus
832 2735 935 2763 aequus
1121 2728 1215 2756 equus
1406 2733 1501 2761 equus

259 2773 341 2802 deest
548 2771 629 2801 deest
833 2773 914 2802 deest
1121 2767 1192 2807 quia
1408 2772 1479 2812 quin

260 2823 351 2853 etiam
364 2833 441 2852 nunc
548 2822 638 2851 etiam
652 2831 729 2851 nune
834 2823 925 2852 etiam
937 2832 1014 2852 nunc
1121 2818 1211 2848 etiam
1225 2822 1297 2849 tunc
1407 2821 1568 2852 etiamnum

260 2883 451 2904 mammarum
549 2872 577 2902 in
591 2873 753 2903 animarum
834 2873 864 2902 in
878 2872 1040 2902 animasum
1121 2879 1312 2901 mammarum
1408 2882 1598 2902 mammarum

262 2928 366 2963 queret
549 2927 661 2963 quaeret
835 2926 948 2963 quaeret
1123 2919 1229 2961 quaerit
1409 2921 1515 2960 quaerit

263 2975 346 3006 von.
363 2974 423 3006 IV.
918 2973 950 3003 U
964 2983 987 3002 u
