1967 3314
595 263 813 312 LIBRI
866 263 1108 312 SEXTI.

1535 272 1629 312 399

235 475 436 496 FERRANDUS.

486 444 607 464 PAULUS
622 445 759 465 FRIDEN-
776 445 973 465 THEODORUS
988 444 1028 463 DE

557 497 692 518 PERGER.

789 498 956 518 RAGAZONI
962 498 1026 518 BUS.

1137 476 1250 497 ALDUS.

1367 422 1408 442 Ex
1419 423 1583 443 TYPOGRA-

1339 476 1418 495 1³111A
1433 477 1613 497 SOCIETATIS

1379 529 1561 550 BIPONTINAE
1567 543 1574 551 .

200 660 1614 671 -ῥ--ἐ-,ῥ-ῄ-ῄ

97 749 1035 760 —————--———————-‘
1056 751 1607 763 —q—

98 1083 172 1109 1188

96 1234 171 1263 1189

96 1284 170 1313 1190

95 1333 166 1362 1191

94 1481 166 1510 1192

93 1531 166 1559 1193

92 1731 166 1760 1194

92 1830 165 1859 1195

92 1927 165 1958 1196

92 2031 166 2060 1197

92 2080 165 2109 1198

92 2280 166 2309 1199

93 2330 167 2355 1200

93 2378 163 2404 1201

93 2477 168 2503 1202

93 2527 167 2552 1205

93 2576 166 2601 1204

92 2625 164 2651 1205

90 2771 164 2800 1206

219 835 355 861 contacta

221 880 363 920 Salsaque

219 930 319 960 fauces

220 991 308 1009 rauca

218 1030 310 1059 tussis

218 1090 288 1109 vero

218 1130 336 1159 trahere

217 1184 248 1209 et

217 1229 398 1268 pedibusque

217 1288 382 1318 supremum

217 1327 287 1357 Non
301 1339 418 1368 pnessae

214 1377 272 1407 nisi

214 1427 347 1456 acumine

212 1477 311 1506 conati

212 1526 241 1554 in
255 1527 355 1556 horret

206 1577 290 1616 jacet

212 1630 293 1655 tecta

213 1676 329 1705 meabat

212 1724 301 1754 strati

212 1778 295 1803 artus

212 1824 384 1863 Octavoque

211 1873 328 1903 cadenti

212 1934 288 1953 nona

212 1974 346 2013 lampade

211 2025 275 2054 laeti

213 2074 388 2104 Visceribus

212 2124 306 2154 laetris

212 2173 304 2213 nigris

212 2223 341 2262 proluvie

212 2274 368 2313 laetumque

211 2322 311 2352 multis

213 2372 378 2411 Corruptus

213 2421 340 2461 expletis

213 2475 276 2499 tote

213 2519 300 2548 cultae
316 2519 371 2549 tris

212 2569 281 2598 hinc

215 2619 282 2648 Ibat

211 2668 305 2707 partis

210 2717 350 2758 genitalis

210 2768 317 2808 partim

210 2822 373 2847 metuentes

209 2866 318 2897 lumina

503 793 601 811 umum

502 836 655 862 contracta

508 882 593 912 Salsa
606 883 657 922 qui

503 932 604 962 fauces

505 992 595 1011 rauca

504 1037 588 1062 tusse

505 1092 558 1110 uro

505 1132 624 1161 trahere

503 1186 535 1210 et

503 1230 625 1269 pedibus
638 1240 696 1269 que

504 1290 641 1308 surenum

504 1329 574 1358 Non
588 1339 715 1368 praeesse

503 1378 559 1407 nisi

501 1428 633 1456 acumine

499 1478 596 1507 conati

498 1528 630 1557 inhorret

493 1578 575 1618 jacet

496 1631 579 1655 tecta

497 1676 614 1705 meabat

496 1730 565 1765 post

497 1780 578 1804 artus

498 1825 671 1863 Octavaque

497 1873 635 1903 candenti

498 1934 573 1952 nova

497 1973 632 2013 lampada

497 2023 558 2052 laeti

499 2071 673 2102 Visceribus

497 2111 589 2152 laeuis

499 2173 591 2213 nigris

498 2231 550 2262 pro
563 2222 640 2252 luvie

498 2272 657 2312 ketumque

498 2323 608 2353 multus

499 2373 662 2412 Corruptus

498 2422 626 2461 expletis

497 2475 572 2500 cotae

498 2520 632 2549 cultetris

499 2569 567 2598 hine

500 2618 610 2648 Probat

498 2668 592 2707 partis

496 2717 636 2757 genitalis

496 2772 597 2808 potum

496 2818 644 2847 intuentes

494 2867 594 2897 limina

786 790 885 808 utnurn

787 833 938 859 contracta

788 879 873 908 Salsa
886 879 937 918 qui

787 928 887 957 fauces

786 987 875 1006 rauca

786 1030 869 1055 tusse
923 1020 926 1023 “

788 1086 841 1105 uro

786 1126 905 1155 trahere

786 1180 817 1205 et

786 1226 909 1266 pedibus
922 1237 988 1265 quae

785 1287 923 1306 surenum

786 1326 857 1355 Non
871 1335 1002 1366 praeesse

784 1377 842 1406 nisi

783 1428 916 1456 acumine

783 1476 881 1505 conati

783 1526 915 1556 inhorret

777 1575 861 1614 jacet

782 1629 863 1654 tecta

782 1675 897 1704 meabat

781 1729 849 1763 post

781 1778 863 1804 artus

781 1823 954 1863 Octavaque

780 1874 917 1903 candenti

780 1934 856 1954 nova

780 1974 916 2013 lampada

780 2023 841 2053 laeti

780 2073 957 2103 Visceribus

780 2123 870 2153 laetris
916 2119 921 2124 ¹

780 2176 873 2216 nigris

779 2236 832 2265 pro
844 2225 923 2254 luvie

780 2276 938 2315 laetumque

780 2326 889 2355 multus

779 2375 943 2413 Corruptus

779 2423 908 2462 expletis

780 2476 857 2501 cotae

780 2519 914 2549 cultetris

779 2570 847 2599 hinc

781 2619 892 2649 Probat

779 2671 872 2709 partis

777 2719 918 2758 genitalis

778 2774 881 2809 potum

779 2820 928 2849 intuentes

778 2868 878 2898 limina

1071 835 1224 861 contracta

1073 880 1215 920 Salsaque

1068 930 1181 959 fauceis

1070 990 1176 1009 raucas

1069 1030 1162 1060 tussis

1073 1090 1142 1109 vero

1069 1130 1188 1160 trahere

1071 1184 1102 1209 et

1068 1228 1249 1269 pedibusque

1068 1289 1235 1318 supremum

1069 1328 1252 1368 Compressae

1068 1377 1134 1407 nasi

1066 1436 1189 1455 acumen

1065 1475 1164 1504 cavati

1066 1525 1236 1554 inhorrebat

1065 1574 1157 1604 facies

1066 1629 1148 1653 tecta

1066 1673 1184 1703 meabat

1065 1727 1134 1761 post

1064 1777 1147 1802 artus

1063 1822 1235 1862 Octavoque

1062 1872 1199 1902 candenti

1063 1931 1142 1950 nona

1064 1970 1199 2011 lampade

1064 2021 1117 2051 leti

1063 2071 1224 2102 visceribus

1062 2121 1148 2151 tetris

1062 2172 1149 2212 nigra

1061 2220 1193 2260 proluvie

1062 2271 1211 2311 letumque

1060 2321 1170 2350 muitus

1061 2375 1217 2410 corruptus

1060 2419 1187 2460 expletis

1060 2474 1131 2499 totae

1059 2519 1106 2548 cui
1121 2519 1192 2548 tetri

1060 2569 1129 2598 huic

1062 2619 1130 2648 Ibat

1060 2669 1173 2709 parteis

1060 2718 1199 2758 genitalis

1061 2768 1169 2808 partim

1060 2823 1224 2850 metuentes

1061 2867 1140 2898 limin
1145 2878 1163 2897 a

1355 831 1506 861 contincta

1356 880 1499 920 Salsaque

1354 929 1467 961 fauceis

1352 990 1459 1010 raucas

1352 1030 1429 1059 tussi

1352 1090 1423 1108 vero

1354 1128 1466 1157 trahier

1352 1177 1434 1206 deest

1352 1226 1535 1266 pedibusque

1352 1285 1519 1315 supremum

1353 1325 1536 1365 Compressae

1352 1374 1418 1403 nasi

1351 1432 1474 1452 acumen

1350 1473 1449 1502 cavati

1350 1522 1519 1553 inhorrebat

1349 1571 1456 1601 rictum

1348 1625 1434 1650 tenta

1348 1670 1478 1701 minebat

1347 1725 1417 1759 post

1347 1772 1435 1800 strati

1349 1820 1521 1860 Octavoque

1349 1870 1487 1900 candenti

1348 1931 1424 1950 nona

1345 1970 1481 2010 lampade

1346 2019 1420 2049 lethi

1347 2069 1502 2099 Ulceribus

1346 2118 1438 2149 laetris

1345 2171 1432 2210 nigra

1344 2219 1478 2259 proluvie

1344 2271 1515 2312 lethumque

1345 2321 1454 2351 multus

1345 2372 1513 2412 Com-uptus

1344 2422 1437 2461 plenis
1450 2432 1487 2451 ex

1341 2476 1415 2501 totae

1343 2520 1393 2560 qui
1406 2520 1489 2550 taetri

1342 2570 1411 2599 huic

1344 2621 1413 2650 Ibat

1343 2670 1453 2710 parteis

1343 2719 1499 2760 genitaleis

1344 2769 1450 2809 partim

1343 2823 1507 2849 metuentes

1344 2869 1444 2900 limina
