1967 3314
588 261 805 312 LIBRI
851 256 1090 312 SEXTI.

1493 267 1590 310 385

82 2919 137 2950 846

205 477 407 499 rmus-Almus.

209 689 282 719 Sim:
294 690 395 719 Anno.

187 781 254 810 caeli

187 830 291 859 veneni

187 879 293 920 pennis

190 930 371 969 impediatur

189 983 324 1018 correpta

188 1028 299 1058 corruit

190 1079 333 1118 Reliquas

189 1129 251 1158 vita

189 1182 220 1207 et
232 1178 310 1207 enim

189 1228 334 1267 quendam

188 1287 254 1306 cum

189 1326 294 1355 veneni

188 1375 279 1404 fontis

186 1424 252 1464 ipse

188 1473 245 1503 sibi

189 1735 253 1754 aris

189 1785 302 1814 cunque
316 1778 363 1805 est

188 1826 303 1854 locatur

187 1886 204 1903 e

187 1923 314 1954 volantis

187 1973 335 2013 extemplo

186 2024 342 2063 pinnarum

186 2073 319 2113 proditur

187 2123 278 2152 rixari

187 2172 383 2212 insistereque

187 2227 295 2252 terram

187 2272 318 2311 propiam

182 2321 318 2360 jacentes

187 2371 280 2400 omnis

188 2421 248 2450 Cur

188 2471 230 2501 sit

187 2520 308 2549 Arescit

186 2569 276 2598 hiemi

186 2620 285 2650 effoeta

185 2670 283 2700 calore

186 2719 237 2750 Fit
250 2729 365 2760 quoque

186 2774 265 2799 terra
278 2775 324 2800 est

185 2831 251 2851 cum

184 2870 326 2910 premitur

185 2919 216 2949 in
229 2930 287 2959 quo
298 2919 393 2950 eundo

186 2969 268 3002 vor..
285 2970 343 3003 IV.

451 445 574 466 PAULUS
589 445 723 466 Plenum·
748 445 939 466 THEoDonus
953 443 994 464 DE

517 500 653 522 PERGER.

515 604 646 635 Veram.

549 694 633 722 1486.

470 783 543 813 caeli·

469 834 573 863 veneni

469 893 571 922 pernus

472 932 634 971 Impeditur

471 987 610 1021 corrupta

471 1031 552 1060 deest
563 1041 669 1060 versus

473 1080 626 1120 Reliquias

472 1130 534 1158 vita

471 1184 612 1209 aeternum

472 1230 605 1270 qua->dam

473 1290 542 1318 qum

475 1328 580 1359 veneni

472 1378 563 1408 fontis

471 1428 537 1467 ipso

472 1477 530 1506 sibi

472 1527 513 1556 sit

472 1779 616 1815 cunquest

471 1826 587 1855 locatur

473 1882 520 1906 est

471 1926 599 1956 volantis

471 1987 509 2006 ex
520 1975 631 2016 templo

469 2026 623 2066 pinnarum

470 2076 603 2115 proditur

470 2124 561 2154 rixari
663 2158 669 2165 Ι

469 2175 607 2204 insistere
617 2184 685 2215 quae

469 2224 556 2254 terris

468 2285 559 2314 prope
571 2276 636 2315 jam

465 2324 602 2363 jacentes

470 2719 520 2749 Fit
533 2730 648 2760 quoque

468 2774 578 2799 terrast

468 2828 536 2858 qum

467 2868 608 2908 premitur

468 2919 499 2951 iu
513 2930 571 2960 quo
585 2919 679 2951 eundo

754 499 988 520 RAGAZONIBUS.

800 601 938 631 Venetiia.

835 692 918 721 1495.

755 782 824 811 caeli

758 832 863 860 veneni

755 891 858 920 pemus

757 931 922 970 Impeditur

756 985 894 1020 corrupta

756 1030 837 1059 deest
848 1040 955 1060 versus

758 1080 911 1119 Reliquias

757 1130 819 1158 vita

755 1182 896 1209 aeternum

757 1229 893 1268 quaedam

757 1289 826 1318 qum

758 1330 862 1359 veneni

756 1379 847 1409 fontis

756 1430 823 1468 ipso

757 1481 814 1511 sibi

756 1530 798 1559 sit

757 1579 823 1608 vica

756 1627 791 1657 fit

756 1677 866 1706 circum

757 1727 821 1756 avis

758 1780 903 1816 cunquest

757 1826 871 1856 locatur

759 1880 806 1905 est

756 1925 883 1955 volantis

755 1985 791 2004 ex
804 1973 916 2015 templo

755 2025 909 2064 pinnarum

754 2075 888 2114 proditur

754 2124 847 2154 rixari

753 2174 891 2204 insistere
905 2184 971 2213 quae

754 2223 842 2254 terris

754 2284 847 2314 prope
854 2274 919 2314 jam

748 2326 886 2365 jacentes

754 2383 847 2403 omnis

755 2423 815 2452 Cur

754 2472 788 2501 fit

753 2521 875 2551 Arescit

754 2571 828 2602 semi

753 2616 842 2651 effeta

753 2670 849 2700 calore

755 2720 806 2750 Fit
819 2730 934 2759 quoque

753 2774 863 2800 terrast

753 2829 821 2858 qum

753 2868 903 2908 praemitnr

751 2920 782 2950 iu
795 2929 854 2959 quo
866 2918 960 2949 eundo

821 2969 882 3001 5C

1094 476 1207 498 ALDUS·

1088 602 1227 634 Venetiis.

1113 695 1197 721 1500.

1039 779 1106 809 coeli

1040 831 1145 860 veneni

1040 881 1144 919 pennis

1042 930 1224 969 Impediatur

1040 985 1174 1020 correpta

1039 1030 1150 1059 corruit

1041 1078 1179 1118 reliquias

1039 1128 1112 1158 vitae

1038 1179 1147 1208 etenim

1039 1229 1184 1268 quendam

1038 1288 1104 1307 cum

1039 1337 1153 1357 venena

1038 1376 1146 1405 fonteis

1039 1427 1121 1466 ipsos

1039 1476 1081 1505 ibi

1039 1525 1075 1555 fit

1039 1574 1102 1603 vita

1038 1623 1074 1653 fit

1039 1673 1147 1702 circum

1038 1722 1120 1752 areis

1040 1776 1186 1811 cunquest

1038 1821 1152 1851 locatus

1039 1882 1055 1900 e

1039 1920 1166 1950 volantis

1039 1969 1189 2009 extemplo

1037 2019 1192 2058 pinnarum

1038 2068 1172 2108 perditur

1037 2119 1133 2148 nixari

1036 2169 1232 2208 insistereque

1036 2220 1124 2249 terris

1036 2279 1128 2308 prope
1137 2269 1201 2308 jam

1031 2319 1178 2360 jacenteis

1036 2368 1148 2398 omneis

1035 2419 1118 2457 deest

979 2459 1069 2499 'fit

1035 2519 1144 2549 arescit

1034 2569 1146 2601 semina

1035 2620 1134 2649 effoeta

1035 2679 1142 2708 vapore

1035 2720 1069 2749 fit
1082 2729 1198 2759 quoque

1034 2773 1146 2798 terrast

1035 2828 1099 2847 cum

1035 2866 1176 2908 premitur

1035 2918 1064 2948 in
1082 2917 1213 2950 coeundo

1333 421 1376 440 1-:x
1386 422 1549 445 TYPOGRA-

1301 475 1381 496 nus
1397 476 1580 499 socnz'tATls

1342 529 1537 551 mroN'rmAE.

1366 599 1501 641 Biponti.

1399 694 1413 719 1
1418 694 1482 723 782.

1322 777 1389 807 coeli

1323 833 1445 858 veneret

1324 880 1428 919 pennis

1325 927 1508 968 Impediatur

1323 982 1466 1018 conrepta

1323 1028 1439 1058 conruit

1326 1076 1490 1116 Relliquias

1324 1127 1393 1158 vitae

1324 1177 1433 1208 etenim

1325 1227 1469 1266 quendam

1324 1289 1389 1308 cum

1325 1329 1432 1358 veneni

1323 1377 1431 1407 fonteis

1323 1428 1404 1468 ipsos

1323 1477 1363 1507 ibi

1322 1527 1363 1557 sit

1323 1577 1386 1606 vita

1322 1626 1364 1656 sit

1323 1677 1433 1707 circum

1323 1727 1404 1757 aveis

1322 1778 1480 1818 cunque'st

1322 1826 1438 1857 locatus

1323 1886 1339 1905 e

1322 1925 1456 1956 volantes

1322 1975 1473 2016 extemplo

1321 2035 1482 2065 pennarum

1320 2074 1454 2114 proditur

1320 2125 1427 2155 nictari

1320 2175 1515 2214 insistereque

1320 2230 1431 2254 terram

1318 2275 1482 2315 propejam

1311 2325 1448 2365 jacentes

1318 2374 1430 2404 omneis

1318 2423 1398 2452 deest

1318 2472 1352 2502 fit

1318 2522 1457 2552 Bai-escit

1317 2572 1430 2601 semina

1316 2621 1423 2650 affecta

1316 2670 1413 2700 calore

1318 2720 1386 2749 Hoc
1409 2718 1445 2750 fit

1315 2769 1436 2799 terra'st

1316 2831 1381 2851 cum

1315 2869 1460 2910 premitur

1315 2924 1350 2950 ut
1364 2918 1495 2950 coeundo
