1967 3314
311 257 407 305 276

333 777 390 803 248

332 827 391 855 249

333 876 392 902 250

332 925 390 951 254

332 975 389 1000 255

330 1073 388 1101 257

329 1123 388 1148 258

329 1224 387 1253 259

329 1321 388 1349 260

329 1471 383 1500 261

325 2417 382 2446 277

324 2517 381 2545 278

324 2565 381 2594 279

323 2615 378 2641 281

323 2664 380 2690 282

322 2713 380 2739 283

321 2762 379 2788 284·

321 2811 378 2838 285

319 2910 377 2937 288

627 253 825 304 VARI
841 255 1092 305 ANTES
1130 258 1567 310 LECTIONES

454 466 657 489 RBRBANDUS.

495 593 625 623 Brixioe.

462 683 535 714 Sine
547 685 647 716 Anno.

437 783 562 814 cumque
575 780 621 805 est

437 833 539 853 omnes

438 879 589 914 perterget

437 927 551 952 remota

437 971 504 1000 haec

436 1030 549 1050 summe

436 1070 602 1100 habendum
616 1076 663 1101 est

436 1129 505 1158 quae

435 1170 593 1201 simulacra

434 1231 499 1250 cum

434 1268 499 1308 ipse

435 1330 501 1348 cum

435 1378 500 1397 cum

434 1419 492 1449 262

435 1470 480 1498 Ac
497 1468 594 1499 refluit

434 1518 556 1557 primam

435 1578 581 1607 quamque

434 1617 546 1646 sentire

435 1676 572 1695 unorsum

433 1715 538 1755 aliquae

432 1765 638 1796 contundimus

433 1825 499 1844 eum

435 1865 587 1895 Duriciem

433 1921 544 1945 remota

433 1975 498 1994 cum

431 2017 632 2054 transpectum

432 2063 535 2102 prebet

431 2112 503 2142 facit
517 2124 582 2152 quae

432 2161 504 2201 Ipso

431 2211 513 2242 visus

430 2261 507 2290 enim

431 2316 532 2351 postes

430 2372 495 2391 cum
510 2364 639 2394 cernitur

429 2411 492 2452 ipse

429 2461 553 2502 levaque

427 2512 578 2554 pertinget

427 2571 496 2600 quae

427 2612 562 2650 procudit

426 2670 540 2701 cunque
555 2667 601 2693 est

427 2709 503 2741 hunc

427 2759 456 2788 in

425 2819 491 2839 eum

425 2869 491 2898 quae

424 2907 501 2938 hunc

703 438 742 458 ΡΑ
748 438 826 458 ULUS
841 438 978 459 munnu-

766 494 902 515 PERGER.

780 599 910 632 Veronoe.

802 694 882 722 1486.

722 779 879 818 cunque'st

723 839 823 858 omnes

723 882 874 918 perterget

723 931 839 956 remotu

723 976 778 1004 hec

722 1035 834 1054 summe

722 1075 918 1107 habendumst

721 1136 778 1165 que

720 1174 899 1207 simulachra

720 1234 789 1262 qum

720 1274 793 1314 ipsae

720 1334 789 1363 qum

720 1384 788 1413 qum

720 1424 779 1453 262

720 1475 763 1503 At
777 1474 875 1505 refluit

719 1523 842 1562 primam

719 1582 866 1612 quamque

718 1621 825 1651 statire

719 1680 846 1700 morsum

718 1719 827 1759 aliquae

717 1770 903 1801 contudimus

718 1830 784 1849 cum

718 1870 867 1900 Duritiem

716 1924 831 1949 remota

715 1972 777 1997 tum

716 2018 881 2058 inspectum

716 2069 819 2107 prebet

715 2116 786 2146 facit
805 2128 862 2156 que

717 2166 789 2206 Ipso

715 2215 786 2245 visis

715 2265 792 2295 enim

714 2319 815 2353 postes

714 2374 782 2403 qum
797 2365 926 2396 cernitur

713 2413 776 2453 ipse

715 2463 838 2503 levaque

713 2513 863 2555 pertinget

712 2574 769 2602 que

712 2614 848 2653 procudit

711 2668 856 2703 cunquest

711 2712 822 2744 habent

710 2763 741 2793 in

709 2824 774 2843 eum

708 2874 765 2902 que

709 2912 761 2941 hnt

1002 439 1193 461 THEODORUS
1208 441 1249 460 nt

1010 493 1243 514 RAGAzonnws.

1057 600 1195 630 Veneliia.

1087 696 1167 725 1495.

1006 780 1163 820 cunque'st

1006 840 1107 861 omnes

1007 885 1159 920 preterget

1006 932 1122 956 remotu

1008 976 1063 1004 hee

1007 1035 1120 1054 summe

1006 1075 1203 1106 habendumst

1006 1135 1074 1164 quae

1005 1176 1184 1208 simulachra

1005 1236 1074 1265 qum

1004 1275 1081 1315 ipsae

1004 1335 1073 1364 qum

1004 1385 1073 1413 qum

1003 1425 1062 1454 262

1004 1475 1048 1503 At
1061 1474 1157 1505 refluit

1004 1525 1127 1563 primam

1003 1584 1148 1614 quamque

1003 1624 1109 1654 statim

1003 1683 1130 1703 morsum

1003 1721 1109 1760 aliquae

1002 1771 1187 1802 contudimus

1001 1831 1067 1850 cum

1003 1872 1151 1902 Duritiem

1001 1928 1114 1952 remota

1001 1976 1063 2000 tum

1001 2020 1164 2060 inspectum

1000 2069 1103 2109 prebet

998 2119 1071 2150 facit
1087 2130 1143 2159 que

1000 2169 1070 2208 Ipso

998 2219 1070 2248 visis

997 2269 1073 2299 enim

998 2324 1099 2359 postes

997 2380 1066 2409 qum
1079 2371 1206 2401 cernitur

997 2418 1061 2458 ipse

998 2467 1121 2508 levaque

996 2518 1147 2560 pertinget

996 2579 1061 2608 quae

994 2618 1129 2657 procudit

993 2673 1138 2707 cunquest

994 2717 1104 2748 habent

994 2766 1023 2796 in

992 2827 1058 2846 cum

992 2876 1050 2905 que

994 2915 1046 2945 hnt

1577 422 1617 442 Ex
1629 423 1794 443 TYroan-

1347 476 1460 496 ALnus.
1557 475 1633 496 rulA
1650 475 1831 497 socner'ns

1598 529 1792 550 BIPONTINAE.

1340 599 1480 630 Venetiie.

1575 781 1730 819 cunque'st

1575 829 1670 858 omnis

1292 791 1406 820 cunque
1422 787 1469 812 est

1291 832 1402 861 omneis

1292 885 1451 921 praeterget
1576 883 1726 919 perterget

1293 935 1406 960 remota
1577 933 1689 957 remota

1292 979 1355 1008 haec
1576 978 1643 1007 haec

1292 1037 1406 1058 summa
1575 1037 1688 1057 summe

1292 1077 1459 1108 habendust
1576 1077 1785 1108 habendum'st

1292 1138 1358 1166 quae
1576 1137 1642 1165 quae

1291 1176 1448 1208 simulacra
1575 1175 1733 1206 simulacra

1291 1237 1356 1256 cum
1574 1235 1642 1254 cum

1289 1277 1298 1305 i
1301 1286 1363 1315 psae
1575 1274 1648 1314 ipsae

1290 1336 1355 1355 cum
1574 1335 1640 1354 cum

1290 1385 1356 1404 cum
1573 1384 1639 1403 cum

1289 1425 1348 1453 262

1288 1475 1368 1503 Aere
1382 1475 1450 1505 serit
1573 1475 1652 1503 Aere
1665 1474 1735 1504 ferit

1289 1522 1411 1561 primam
1573 1524 1686 1563 privam

1289 1583 1425 1612 quanque
1573 1583 1718 1612 quamque

1289 1623 1400 1652 sentire
1573 1623 1684 1652 sentire

1288 1670 1434 1701 invorsum
1572 1683 1732 1703 unversum

1287 1720 1402 1760 aliquas
1572 1721 1679 1762 aliquae

1571 1782 1638 1801 cum
1651 1773 1801 1803 tundimus

1570 1832 1636 1852 eum

1288 1780 1353 1799 cum
1366 1772 1516 1803 tundimus

1287 1830 1353 1850 eum

1288 1871 1437 1902 Duritiem
1572 1873 1720 1903 Duritiem

1285 1926 1398 1951 semota
1568 1929 1712 1954 remmota

1285 1982 1350 2001 cum
1569 1984 1634 2002 cum

1285 1999 1484 2062 transpecffim
1567 2027 1768 2064 transpectum

1285 2072 1399 2110 praebet
1568 2073 1679 2111 praebet

1283 2121 1414 2161 facitque
1567 2121 1697 2161 facitque

1287 2172 1356 2210 Ipse
1369 2177 1400 2201 et
1567 2172 1599 2201 Is
1613 2182 1728 2211 quoque

1284 2231 1364 2250 visus
1567 2231 1647 2251 visus

1283 2271 1360 2300 enim
1566 2273 1686 2303 enim'st

1283 2325 1384 2360 postes
1566 2325 1678 2364 posteis

1282 2372 1468 2401 concernitur
1566 2377 1616 2416 qui
1630 2376 1759 2407 cernitur

1282 2420 1356 2460 ipsa?
1565 2427 1640 2466 ipsae

1283 2470 1406 2510 levaque
1566 2476 1698 2516 laevaque

1281 2521 1432 2562 pertinget
1565 2530 1717 2567 perterget

1281 2581 1348 2610 quae
1564 2585 1630 2614 quae

1280 2621 1415 2660 procudit
1564 2626 1710 2664 protrudit

1279 2676 1424 2711 cunquest
1563 2675 1718 2714 cunque’st

1280 2721 1358 2750 hunc
1561 2724 1639 2753 hunc

1279 2770 1309 2800 in
1559 2773 1640 2802 deest

1278 2831 1344 2850 eum
1560 2823 1589 2852 id
1603 2823 1665 2853 haec

1278 2881 1343 2909 quae
1559 2883 1624 2912 quae

1279 2920 1354 2950 hunc
1559 2922 1636 2953 hunc
