1967 3314
309 247 406 289 834
590 241 1055 293 VARIANTES
1097 244 1542 296 LECTIONES

707 424 829 445 PAULUS
841 424 980 445 rmnzx-
1003 425 1198 448 'nizononus
1212 427 1254 448 m!
1594 407 1635 428 Ex
1645 408 1812 430 TYPOGBA-

454 453 658 476 FERBANnus.
1362 460 1475 482 Almus.
1566 461 1645 482 niu
1660 463 1827 484 socmTA'fl

1609 517 1805 538 nivonrmle.

344 626 373 655 v
493 581 615 610 anzae
779 583 910 615 Veronae.
1585 559 1627 565 —
1637 561 1765 630 liipmm

374 646 384 655 ⁶
457 668 532 698 Sine
544 670 645 699 Anno.
658 646 695 651 —
805 676 889 707 1486.
1667 683 1749 712 1782.

440 766 547 801 putent
727 771 814 805 putes
1015 768 1102 803 putes
1301 771 1439 807 putemus
1589 742 1708 807 putetur

441 809 520 850 ignis
728 815 806 855 ignis
1015 813 1093 854 ignis
1301 817 1398 857 igneis
1588 817 1685 856 igneis

441 865 570 900 nequeat
727 869 855 903 nequeat
1015 868 1151 902 nequaeat
1303 871 1431 906 nequeat
1589 870 1719 906 nequeat

441 910 585 950 praeteriit
727 914 866 954 preceriit
1016 913 1144 951 precerit
1302 916 1447 956 praeteriit
1589 915 1734 956 praeteriit

441 960 519 994 Quae
728 964 794 998 Que
1016 961 1082 995 Que
1301 966 1378 999 Quae
1590 966 1665 1001 Quae

441 1009 519 1048 ignis
728 1013 806 1054 ignis
1015 1010 1094 1051 ignis
1302 1013 1399 1054 igneis
1589 1015 1685 1057 igneis

441 1058 632 1100 interstingui
728 1063 806 1093 inter
820 1063 913 1104 stigni
1015 1060 1093 1090 inter
1106 1061 1199 1101 stigni
1302 1063 1493 1104 interstingui
1591 1065 1782 1107 interstingui

441 1119 531 1150 periri
728 1114 818 1154 periri
1016 1110 1104 1151 periri
1303 1114 1400 1153 perire
1590 1116 1686 1156 perire

442 1163 533 1198 queat
728 1167 821 1202 queat
1017 1166 1115 1202 quaeat
1304 1168 1394 1203 queat
1590 1170 1682 1205 queat

442 1209 516 1240 Coni
535 1210 699 1249 perlabitur
729 1212 988 1253 Comperiabiliter
1016 1211 1265 1252 comperiabiliter
1303 1214 1378 1244 Coni
1398 1213 1562 1254 perlabitur
1591 1217 1666 1248 Coni
1687 1215 1848 1257 perlabitur

442 1265 572 1299 nequeat
730 1268 860 1303 nequeat
1017 1265 1158 1302 nequaeat
1305 1268 1432 1303 nequeat
1593 1272 1720 1313 nequeat

442 1311 618 1341 subcurrere
731 1313 788 1342 sub
802 1323 919 1343 currere
1018 1312 1077 1341 sub.
1086 1321 1203 1341 currere
1305 1315 1478 1344 subcurrere
1591 1327 1763 1347 succurrere

443 1371 534 1400 supra
731 1373 821 1402 supra
1018 1372 1109 1401 supra
1305 1375 1414 1405 supera
1592 1376 1700 1406 supera

444 1409 591 1450 perlabier
730 1422 783 1452 per
797 1412 890 1441 labier
1019 1421 1073 1450 per
1087 1410 1179 1439 labier
1305 1414 1451 1454 perlabier
1594 1414 1738 1455 perlabier

445 1459 634 1500 interrumpit
731 1462 928 1501 interrumpat
1020 1461 1217 1501 interrumpat
1307 1465 1503 1504 interrumpat
1594 1465 1790 1505 interrumpat

446 1514 575 1549 nequeat
731 1516 861 1551 nequeat
1021 1515 1157 1551 nequaeat
1308 1518 1436 1554 nequeat
1595 1518 1724 1553 nequeat

445 1564 527 1589 terra
733 1567 814 1592 terra
1020 1565 1102 1590 terra
1309 1569 1391 1594 certe
1595 1569 1679 1593 certa

446 1619 498 1648 per
510 1609 577 1638 exit
734 1611 872 1652 pervexit
1022 1612 1157 1651 pervexit
1309 1625 1361 1654 per
1373 1613 1438 1643 exit
1596 1616 1729 1652 pererrat

445 1668 536 1698 super
548 1662 597 1689 est
735 1672 824 1702 super
839 1665 888 1692 est
1022 1672 1112 1700 super
1125 1665 1174 1690 est
1310 1668 1447 1703 superest
1596 1666 1734 1702 superest

446 1709 588 1748 quicquid
735 1710 877 1752 quicquid
1023 1711 1165 1750 quicquid
1311 1711 1451 1752 quicquid
1597 1711 1740 1752 quidquid

446 1759 545 1789 varios
735 1761 834 1792 variae
1024 1762 1123 1792 varias
1310 1762 1408 1791 varios
1598 1762 1695 1793 varios

446 1814 571 1851 possent
737 1811 818 1841 deest
1025 1811 1106 1841 deest
1311 1811 1429 1842 soleant
1597 1812 1714 1843 soleant

448 1861 555 1891 effecto
736 1862 837 1892 efecto
1025 1861 1122 1893 efecto
1311 1861 1414 1890 effaeto
1598 1863 1705 1893 offecto

449 1921 544 1951 neque
736 1922 831 1952 neque
1024 1923 1121 1952 neque
1314 1922 1408 1951 neque
1598 1923 1652 1942 nec

449 1961 600 2000 opinantis
737 1960 886 2002 opinantis
1026 1962 1176 2001 opinantis
1312 1961 1479 2002 opinanteis
1598 1961 1766 2003 opinanoeis

450 2011 617 2040 connubent
737 2011 875 2041 conibent
1026 2013 1165 2042 conibent
1313 2013 1472 2043 connivent
1599 2012 1759 2042 connivent

450 2065 482 2090 et
737 2061 818 2091 decet
1027 2061 1107 2092 deest
1315 2068 1346 2093 et
1599 2068 1631 2092 et

452 2111 610 2141 convisunt
738 2111 897 2141 connisunt
1027 2114 1185 2144 connisunt
1315 2114 1473 2143 convisunt
1599 2110 1756 2140 convisunt

452 2160 578 2190 candida
741 2159 869 2189 candida
1027 2163 1154 2192 candida
1318 2164 1437 2194 condita
1600 2160 1726 2190 candida

452 2210 542 2240 redeo
740 2208 811 2239 redo
1028 2212 1099 2242 redo
1317 2214 1405 2244 redeo
1602 2211 1689 2240 sedeo

452 2260 516 2290 fetu
741 2260 814 2290 foetu
1028 2261 1100 2292 foetu
1317 2264 1389 2293 foetu
1601 2261 1674 2290 foetu

454 2310 592 2341 Tolleret
742 2309 877 2339 Tolleret
1029 2311 1164 2342 Tolleret
1317 2312 1438 2342 Tollere
1600 2310 1720 2340 Tollere

453 2359 535 2390 deest
741 2359 823 2389 deest
1029 2361 1109 2391 deest
1316 2368 1347 2392 et
1602 2365 1634 2390 et

454 2411 578 2441 incertis
744 2410 775 2440 in
793 2408 884 2439 certis
1029 2411 1059 2440 in
1079 2411 1169 2441 certis
1316 2412 1439 2442 incertis
1603 2411 1723 2441 incertis

455 2461 581 2490 credunt
744 2460 870 2489 credunt
1030 2461 1154 2491 credunt
1317 2462 1441 2491 credunt
1603 2460 1729 2490 tentarit

455 2511 608 2542 comittere
744 2510 927 2540 committere
1029 2511 1213 2542 committere
1318 2511 1471 2541 comittere
1603 2511 1723 2541 credere

456 2561 540 2591 collis
745 2559 829 2590 collis
1030 2560 1115 2591 collis
1318 2560 1419 2590 colleis
1603 2561 1704 2591 culleis

456 2611 551 2640 omnis
744 2609 840 2639 omnis
1032 2611 1126 2641 omnis
1318 2609 1430 2639 omneis
1604 2611 1717 2640 omneis

458 2662 559 2691 datum
573 2664 622 2691 est
745 2660 878 2690 datumst
1031 2660 1164 2691 datumst
1318 2659 1452 2689 datumst
1604 2659 1747 2690 datum'st

459 2709 588 2749 plumma
746 2710 845 2751 pluma
1033 2709 1133 2750 pluma
1320 2711 1420 2751 pluma
1605 2710 1705 2750 pluma

459 2765 590 2799 saeteque
746 2765 885 2801 saetaeque
1032 2765 1178 2799 saetaeque
1319 2767 1454 2801 setaeque
1605 2764 1734 2798 setaeque

460 2808 541 2838 deest
746 2809 828 2839 deest
1033 2810 1113 2840 deest
1320 2810 1401 2840 deest
1605 2809 1634 2839 in

459 2858 700 2899 pennipotentum
746 2861 969 2901 penipotentnm
1033 2860 1255 2901 penipotentum
1320 2859 1562 2900 pennipotentum
1611 2858 1856 2899 pennipotentum

461 2907 542 2939 secla
747 2910 829 2942 secla
1033 2910 1116 2941 secla
1320 2909 1401 2940 secla
1605 2909 1695 2940 saecla
