1967 3314
338 253 431 294 422
783 242 1395 295 ANNOTATIONES

500 382 568 411 320
591 376 637 412 Et
654 376 769 412 satiati
785 377 864 422 agni
879 377 1017 419 ludunt,
1031 376 1226 424 blandeque
1242 377 1440 413 coniscant:

381 445 420 481 Q.
435 445 610 476 croniscant
625 445 676 476 alii
693 451 865 476 coruscant.
908 445 930 476 J
933 455 982 476 uv.
1000 445 1062 475 Sat.
1080 449 1129 476 12.

777 515 974 555 frontemque
989 521 1139 546 coruscat.

382 586 506 627 Quippe
521 585 607 616 ferox
623 584 750 623 vitulus,
763 583 888 624 templis
902 590 1044 614 maturus
1058 589 1089 614 et
1103 594 1175 615 arae.

503 705 569 733 343
596 698 891 745 Squammigerfim
908 697 1072 743 pecudes,
1087 703 1123 732 et
1138 697 1220 732 laeta
1235 698 1380 741 arbusta,
1399 696 1562 744 seraeque,

382 771 480 812 Lege,
497 777 649 802 armenta.

505 891 572 919 370
595 883 654 918 Ad
671 895 734 919 sua
749 883 894 929 quisque
907 885 990 929 sere
1005 882 1195 918 decurrunt
1211 884 1318 918 ubera
1334 883 1444 919 lactis.

384 952 483 993 Lego,
499 952 567 983 feri.
589 953 626 983 B.
644 953 696 983 Sic
710 958 768 982 vet.
784 952 862 992 imp.
881 952 996 982 Venet.
1013 951 1127 982 Manil.
1141 951 1195 982 lib.
1215 956 1243 982 1.

555 1038 652 1068 Lacte
666 1038 733 1069 fero
748 1048 888 1069 crescens
903 1038 943 1069 ad
958 1038 1093 1068 fulmina
1108 1038 1233 1080 vimque
1248 1038 1390 1069 tonandi.

507 1146 573 1175 373
600 1139 696 1185 Quin
711 1142 913 1174 intercurrat
930 1139 1088 1186 quaedam
1107 1140 1272 1177 distantia
1286 1139 1419 1183 formis,

387 1209 611 1240 Intercurrant.

505 1318 568 1346 381
598 1310 814 1346 Perfacile’st
826 1311 899 1357 jam
916 1309 1021 1346 animi
1038 1310 1174 1346 ratione
1191 1310 1371 1346 exsolvere
1388 1312 1489 1354 nobis,

384 1378 438 1409 Fo.
462 1379 570 1409 nodos.

508 1487 574 1514 383
601 1481 716 1525 Quam
733 1487 853 1515 noster
863 1481 960 1525 fluat
977 1478 997 1514 ὲ
1013 1479 1102 1514 tedis
1119 1480 1339 1515 terrestribus
1356 1487 1465 1516 ortus.

384 1548 439 1580 Fo.
462 1548 539 1578 suat.

505 1657 572 1685 390
595 1650 755 1695 Corpora
771 1656 864 1692 sunt,
881 1660 984 1694 quam
1000 1648 1045 1684 de
1061 1648 1185 1695 quibus
1202 1656 1256 1685 est
1271 1649 1386 1696 liquor
1401 1649 1512 1687 almus
1528 1663 1712 1698 aquarum.-

383 1718 498 1759 Aquai.

513 1821 580 1851 395
604 1814 723 1861 Atque
740 1813 820 1850 ide&
837 1815 877 1850 fit
892 1815 945 1850 uti
961 1826 1033 1850 non
1049 1821 1121 1850 tam
1137 1817 1276 1851 deducta
1291 1823 1437 1862 repente

389 1885 537 1917 Diducta.

507 1990 573 2017 399
599 1983 622 2018 J
625 1982 766 2017 ucundo
781 1995 878 2018 sensu
893 1983 1017 2028 lingua?
1032 1988 1227 2017 tractentur
1242 1982 1278 2017 in
1295 1994 1372 2025 ore3

388 2051 485 2092 Lege,
500 2051 619 2091 linguae
636 2061 736 2081 sensu.

510 2155 577 2183 420
603 2149 653 2182 Et
670 2147 728 2194 qui
745 2154 984 2193 compungunt
1000 2148 1121 2191 aciem,
1137 2148 1395 2195 lacrymareque
1412 2156 1556 2196 cogunt:

390 2217 448 2249 Ac.

512 2320 574 2348 441
604 2313 697 2347 Tute
713 2312 774 2347 tibi
791 2319 925 2358 partem
942 2312 1056 2356 ferias,
1076 2326 1170 2359 oeque
1186 2314 1375 2359 experiare.

389 2382 427 2414 L.
442 2388 543 2423 atque.
566 2383 603 2413 B.
626 2381 670 2412 sic
684 2392 712 2423 q.
745 2382 776 2411 V
778 2389 857 2412 enet.

513 2485 583 2515 450
603 2479 763 2525 AEraque
780 2491 857 2525 quae
874 2479 1032 2516 claustris
1048 2480 1215 2517 restantia
1229 2481 1473 2518 vociferantur.

391 2561 491 2602 Lego,
507 2560 688 2592 raetanfibu'
734 2561 772 2591 Β.

513 2664 580 2693 457
606 2657 644 2692 Si
659 2657 773 2694 minus
789 2658 949 2694 omnibus
966 2666 1048 2695 sunt
1064 2671 1084 2696 e
1100 2659 1243 2695 laevibus
1259 2667 1363 2706 atque
1379 2662 1551 2706 rotundis,

393 2736 433 2768 0.
447 2736 468 2767 1.
483 2737 598 2767 omnia.

514 2841 582 2869 460
605 2835 682 2871 Nec
698 2841 816 2872 tamen
832 2836 964 2873 haerere
979 2836 1072 2874 inter
1088 2849 1137 2883 se,
1154 2838 1248 2886 quod
1264 2839 1409 2886 quisque
1424 2839 1579 2877 videmus

394 2913 478 2946 Vide
491 2923 522 2945 v.
535 2917 605 2946 767.
