1967 3314
338 278 433 319 344·
630 270 1090 321 VARIANTES
1141 271 1586 324 LECTIONES

1606 435 1647 454 Ex
1663 435 1828 456 TYPOGBA-

1581 489 1658 509 rum
1675 489 1858 511 socffl'rA’ns

1624 543 1819 564 mPON‘uNAE.

728 452 850 473 PAULUS
865 451 1000 472 munzu-
1023 453 1216 476 multominus
1230 455 1272 475 nt

1030 507 1265 528 RAGAzonnws.

478 484 681 507 rtssnAxnt'S.

796 507 932 527 Pmtcmz.

1080 613 1218 644 Venetiis.

1652 613 1785 654 Biponti.

1680 708 1692 732 l
1699 707 1761 735 782.

487 699 561 730 Sine
573 702 670 732 Anno.
1106 707 1190 736 1495.

1603 790 1754 830 pinnigeri

1600 839 1690 869 saevit

1598 888 1660 918 edit

463 790 630 832 Pinnigeris

461 840 542 870 acuit

461 890 523 920 edit

1031 791 1199 834 Pinnigcris

1029 842 1111 872 acuit

1031 892 1105 922 aedit

747 793 916 833 Pinnigeris

745 842 827 872 acuit

745 890 816 920 aedit

1316 796 1467 837 Pinnigeri

463 939 505 969 Et
748 938 791 968 Et
1033 941 1076 970 Et
1601 939 1648 967 Ac

461 990 505 1018 sic
745 987 789 1017 sic
1031 989 1076 1019 sic
1600 987 1643 1016 sis

461 1038 567 1077 hynnit
745 1037 862 1076 hymnit
1030 1040 1146 1079 hymnit
1313 1043 1410 1073 hinnit
1601 1037 1698 1068 hinnit

460 1086 584 1116 alituum
745 1086 848 1118 alitum
1030 1090 1133 1120 alitum
1314 1092 1437 1123 alituum
1598 1087 1722 1118 alituum

460 1136 606 1176 variaeque
745 1136 898 1176 variatque
1029 1141 1183 1181 variatque
1314 1142 1464 1182 variaeque
1600 1137 1750 1176 variaeque

459 1185 614 1227 ossifragae
744 1186 911 1228 ossifrange
1028 1190 1196 1232 ossifrange
1313 1192 1468 1233 ossifragae
1598 1186 1753 1227 ossifragae

459 1234 541 1264 salso
744 1235 826 1266 saiso
1028 1240 1109 1270 salso
1313 1241 1392 1271 salso
1598 1237 1687 1267 salsis

452 1285 571 1324 jaciunt
737 1286 842 1325 jacent
1023 1290 1127 1330 jacent
1308 1290 1425 1329 jaciunt
1592 1287 1711 1327 jaciunt

459 1335 607 1374 predaque
742 1335 899 1375 praedaque
1029 1338 1184 1380 praedaque
1313 1340 1480 1380 praedaeque
1598 1337 1756 1377 praedaque

459 1389 490 1415 et
742 1388 774 1414 et
1026 1394 1059 1419 et
1312 1388 1393 1418 deest
1598 1393 1632 1416 ut

458 1434 550 1464 saecla
742 1434 823 1463 secia
1027 1438 1109 1468 secla
1312 1437 1395 1467 secla
1597 1435 1689 1465 saecla

459 1484 561 1514 imbris
742 1484 844 1514 imbris
1027 1488 1128 1518 imbris
1311 1487 1430 1518 imbreis
1597 1484 1716 1514 imbreis

458 1538 562 1563 ventos
743 1538 849 1563 ventus
1028 1541 1133 1566 ventus
1312 1542 1416 1567 ventos
1598 1538 1702 1564 veni-⁰8

1599 1583 1672 1612 varii

1599 1631 1635 1660 M
1640 1635 1693 1662 uta

1597 1691 1663 1710 cum

1597 1730 1751 1761 mortaleis

1597 1780 1753 1820 aequum’st

1596 1835 1659 1861 tum

1597 1881 1782 1911 Dissimileis

1596 1936 1691 1961 terras

1596 1981 1707 2011 diditur

1596 2030 1766 2062 coelestibus

1595 2080 1688 2110 incita

1594 2130 1659 2159 coeli

1595 2190 1720 2220 vapores

1597 2229 1638 2259 Et

1594 2280 1682 2309 arbor

1594 2329 1707 2359 viribus

1596 2380 1638 2408 Et
1651 2381 1741 2410 micat

1599 2435 1736 2460 teruntur

1597 2485 1752 2520 utrumque

1594 2530 1718 2560 flammae

1593 2591 1701 2620 vapore

1592 2631 1730 2670 quoniam

1592 2680 1747 2710 mitescere

1591 2729 1731 2759 videbant

1591 2778 1622 2808 hi
1637 2779 1746 2808 victum

1590 2827 1740 2866 vitamque

1588 2877 1651 2917 igni

1588 2928 1774 2968 praestabant

1313 1587 1386 1616 varii

1316 1637 1407 1666 Muta

1310 1697 1375 1716 cum

1311 1736 1461 1767 mortaleis

1309 1790 1455 1826 aequumst

1309 1841 1372 1866 tum

1310 1885 1492 1915 Dissimileis

1309 1940 1419 1965 terram

1307 1985 1426 2015 deditur

1308 2034 1478 2065 coelestibus

1307 2083 1398 2114 insita

1307 2133 1375 2165 eceli.

1308 2182 1443 2222 vaporeis

1310 2231 1351 2261 Ut

1306 2281 1394 2310 arbor

1308 2331 1419 2361 viribus

1310 2382 1350 2411 Et
1363 2381 1454 2411 micat

1306 2436 1441 2461 teruntur

1306 2485 1452 2520 utrunque

1306 2530 1431 2560 flammae

1307 2590 1443 2620 vaporem

1305 2629 1444 2668 quoniam

1304 2679 1459 2709 mitescere

1304 2729 1444 2759 videbant

1303 2783 1335 2808 et
1350 2778 1461 2808 victum

1303 2827 1452 2868 vitamque

1300 2877 1361 2906 acri

1300 2928 1487 2968 praestabant

1026 1586 1123 1615 varios

1028 1635 1064 1664 M
1068 1634 1132 1664 ulta

1026 1695 1095 1723 qum

1026 1732 1159 1764 mortalis

1024 1793 1139 1823 aequum
1153 1787 1201 1814 est

1026 1838 1126 1864 tamen

1027 1883 1191 1915 Dissimilis

1022 1939 1133 1964 terram

1024 1983 1143 2014 deditur

1023 2033 1194 2064 caelestibus

1023 2083 1115 2114 insita

1023 2132 1090 2162 caeli

1023 2182 1141 2221 vaporis

1025 2231 1067 2260 Ut

1021 2280 1111 2310 ardor

1024 2329 1135 2359 vicibus

1025 2380 1145 2410 Emicat

1022 2433 1154 2458 terentur

1021 2484 1168 2519 utrunque

1019 2528 1143 2558 flammae

1020 2588 1158 2618 vaporem

1019 2638 1106 2667 quom

1020 2677 1186 2706 inutescere

1019 2725 1120 2756 videat

1018 2776 1161 2807 invictum

1017 2827 1186 2866 victamque

1017 2876 1079 2916 igni

1016 2926 1203 2965 praestabant

743 1583 842 1613 varios

745 1632 849 1662 Multa

742 1692 811 1722 qum

742 1731 876 1762 mortalis

741 1791 857 1820 aequum
869 1785 917 1812 est

741 1836 840 1862 tamen

743 1881 908 1913 Dissimilis

741 1936 851 1962 terram

739 1980 858 2011 deditur

739 2031 907 2063 caelestibus

739 2081 832 2111 insita.

739 2129 807 2160 caeli

739 2181 858 2219 vaporis

740 2229 783 2259 Ut

739 2279 827 2309 ardor

739 2328 853 2359 vicibus

740 2377 857 2408 Emicat

737 2430 870 2457 terentur

737 2482 884 2517 utrunque

735 2527 862 2558 flammae

735 2587 874 2617 vaporem

734 2637 822 2666 quom

734 2676 900 2707 inutescere

735 2725 835 2756 videat

734 2774 876 2804 invictum

734 2823 901 2863 victamque

734 2873 796 2913 igni

734 2924 906 2964 prestabant

458 1582 547 1611 variis

460 1630 562 1660 Multa

457 1690 522 1709 cum

456 1729 589 1760 mortalis

456 1791 572 1820 aequnm
584 1784 633 1810 est

457 1836 520 1861 tum

458 1881 622 1912 Dissimilis

455 1934 565 1960 terram

455 1980 574 2011 deditur

454 2030 622 2060 caelestibus

454 2078 546 2109 insita

454 2128 510 2158 celi

454 2178 572 2217 vaporis

456 2228 498 2257 Ut

453 2276 541 2306 ardor

452 2326 563 2356 viribus

454 2375 572 2406 Emicat

451 2430 588 2456 teruntur

451 2481 608 2515 utrumque

451 2525 567 2556 flamme

451 2586 589 2615 vaporem

450 2636 516 2655 cum

450 2674 605 2705 mitescere

451 2723 590 2754 videbant

450 2772 590 2803 invictum

450 2822 598 2862 vitamque

448 2871 510 2911 igni

447 2921 628 2960 praestabant
