1967 3314
578 239 795 290 LIBRI
848 238 1147 296 QUINTI.
1504 246 1598 293 327

471 425 595 446 PAULUS
607 425 742 445 rmum<-
767 422 959 443 Tutononns
974 422 1016 441 niz
1354 398 1395 418 EX
1404 400 1569 421 'mmmm-

223 455 430 479 FERRANDUS.
542 479 669 498 PERGER
777 476 1012 497 RAGAZONIBU&
1127 453 1240 474 ALnns.
1328 453 1366 472 ΡΗ
1372 452 1407 472 IA
1419 453 1598 475 socmm'ns

1366 506 1561 528 mrox'rmffl.

545 583 677 614 Veronae,
1116 579 1251 609 Venetiis.
1398 577 1532 617 Biponti.

571 673 653 702 1486,
1144 670 1226 696 1500.
1420 672 1505 702 1782.

208 757 336 798 pondere
493 771 602 800 ponere
777 768 886 797 ponere
1062 769 1170 798 ponere
1346 769 1455 798 ponere

212 806 341 836 Difficile
354 810 402 835 est
494 809 623 839 Difficile
638 814 686 839 est
780 807 908 837 Difficile
921 812 968 837 est
1062 807 1210 838 difficilest
1348 809 1519 840 Difficile'st

105 867 163 896 529
210 856 326 886 mundis
494 860 595 889 mundi
777 857 878 886 mundi
1063 858 1162 887 mondi
1347 859 1462 889 mundis

211 905 304 935 creari
495 907 587 936 creati
779 907 872 936 creati
1063 909 1157 938 creati
1347 909 1456 939 creatis

107 968 164 994 530
217 957 367 997 plurisque
496 957 646 997 plurisque
779 956 930 996 plurisque
1063 957 1231 998 pluteisque
1346 959 1516 1000 plureisque

107 1017 162 1043 531
212 1016 278 1045 quae
497 1018 553 1046 que
780 1017 846 1046 quae
1064 1017 1132 1046 quae
1347 1018 1413 1046 quae

211 1066 325 1085 omnem
497 1067 610 1086 omnem
780 1067 894 1086 omnem
1064 1067 1150 1086 omne
1347 1067 1432 1087 omne

108 1117 165 1142 552
213 1116 334 1135 necesse
347 1110 394 1135 est
498 1117 621 1136 necesse
635 1111 682 1136 est
781 1117 902 1136 necesse
916 1111 964 1136 est
1064 1111 1216 1137 necessest
1349 1108 1512 1139 necesse'st

108 1167 165 1192 533
213 1155 314 1196 vigeat
497 1157 599 1196 vigeat
780 1156 881 1196 vig-eat
1064 1157 1167 1197 vigeat
1348 1161 1457 1196 vegeat

214 1211 324 1235 motum
498 1210 608 1235 motum
780 1211 891 1235 motum
1064 1206 1188 1236 multum
1348 1211 1459 1236 motum

107 1265 165 1291 534
215 1256 299 1285 Preci
304 1266 372 1296 pere
499 1255 664 1295 Praecipere
784 1257 950 1297 Praecipere
1068 1256 1232 1296 Praecipere
1350 1256 1519 1296 Praecipere

213 1317 361 1345 quaquam
375 1311 422 1335 est
497 1315 644 1344 quaquam
658 1309 729 1334 sunt
781 1317 927 1346 quaquam
940 1311 1011 1336 sunt
1066 1311 1245 1345 quaquamst
1348 1306 1538 1344 quaquam'st

213 1355 435 1395 progredientes
497 1353 634 1393 progredi
645 1358 741 1383 certes
781 1356 918 1395 progredi
932 1362 1028 1386 certes
1066 1357 1290 1396 progredientes
1350 1355 1565 1394 prOgredientiS

108 1413 165 1442 537
214 1405 359 1435 Convenit
499 1403 663 1433 Conveniat
783 1405 948 1437 Conveniat
1067 1406 1213 1436 Convenit
1351 1403 1498 1434 Convenit

213 1466 302 1495 super
498 1463 588 1492 super
782 1465 870 1496 super
1068 1467 1184 1496 semper
1351 1454 1453 1483 subter

109 1513 166 1538 538
215 1496 367 1535 Exffieunt
500 1503 548 1532 Ex
562 1503 681 1533 ineunte
785 1507 832 1535 Ex
846 1507 966 1537 ineunte
1069 1506 1117 1535 Ex
1131 1506 1251 1536 ineunte
1354 1504 1402 1533 Ex
1416 1504 1536 1534 ineunte

110 1562 167 1590 539
215 1555 289 1584 vivit
495 1552 576 1591 juvit
778 1557 859 1596 juvit
1069 1556 1144 1585 vivit
1352 1554 1425 1584 sidit

110 1611 164 1636 541
217 1604 258 1633 Ut
503 1601 544 1631 Ut
786 1606 828 1635 Ut
1066 1610 1100 1635 ut
1354 1605 1397 1634 Et

111 1661 168 1686 544
216 1665 396 1694 quaecunque
501 1661 675 1691 quacunque
785 1666 959 1696 quacunque
1070 1666 1255 1696 quaecunque
1352 1665 1533 1694 quaecunque

217 1703 401 1744 impostaque
502 1701 531 1730 in
546 1706 690 1742 postaque
785 1705 814 1734 in
826 1711 970 1746 postaque
1071 1706 1255 1746 impostaque
1354 1704 1539 1744 impostaque

112 1762 168 1787 545
217 1754 330 1784 laedunt
502 1751 605 1781 ledunt
787 1755 889 1786 ledunt
1074 1757 1185 1787 laedunt
1355 1754 1466 1784 laedunt

112 1809 169 1837 546
218 1804 288 1843 quid
503 1801 574 1840 quid
789 1805 859 1844 quid
1073 1807 1144 1846 quid
1355 1803 1404 1832 cui

219 1867 342 1896 quaeque
504 1862 626 1890 quaeque
788 1867 911 1896 quaeque
1073 1869 1196 1898 quaeque
1356 1864 1421 1893 quae

220 1911 311 1946 queat
505 1907 595 1941 queat
788 1911 879 1945 queat
1074 1912 1164 1947 queat
1357 1903 1493 1943 adjaceat

115 1960 172 1985 548
219 1957 324 1986 Allata
506 1953 609 1982 Allata
789 1956 893 1986 Allata
1073 1957 1167 1988 allata
1358 1954 1472 1984 Adlata

219 2006 300 2035 auris
505 2005 585 2034 auris
789 2005 869 2035 auris
1075 2008 1173 2038 aureis
1358 2005 1438 2034 auris

114 2060 172 2085 550
218 2056 356 2086 videntur
505 2055 641 2084 n'dentur
788 2055 925 2085 videntur
1074 2057 1211 2086 videntur
1357 2056 1474 2085 videtur

114 2109 168 2135 551
218 2106 331 2136 tonitru
505 2109 608 2134 contra
787 2111 890 2136 contra
1074 2107 1187 2137 tonitru
1357 2107 1469 2136 tonitru

114 2159 171 2185 552
219 2167 367 2197 supraque
505 2165 595 2195 supra
789 2166 878 2195 supra
1074 2168 1165 2197 supra
1359 2166 1449 2194 supra

220 2205 301 2235 deest
505 2205 585 2235 deest
789 2205 871 2235 deest
1076 2217 1109 2236 se
1359 2215 1392 2234 se

221 2254 302 2284 deest
506 2267 563 2295 que
790 2267 856 2295 quae
1076 2267 1142 2296 quae
1361 2264 1426 2292 quae

223 2309 270 2334 est
507 2309 578 2335 sunt
791 2309 862 2335 sunt
1076 2310 1147 2335 sunt
1361 2307 1431 2333 sunt

118 2357 176 2382 554
223 2354 318 2383 aereis
508 2354 586 2383 accri
791 2355 870 2384 accri
1077 2354 1165 2384 aeriis
1361 2353 1450 2382 ae'riis

224 2404 353 2443 caeloque
509 2403 638 2442 caeloque
793 2404 863 2434 caelo
878 2415 944 2443 quae
1078 2404 1210 2443 coeloque
1362 2402 1493 2441 coeloque

225 2453 360 2493 rejuncta
511 2453 553 2482 rei
566 2452 670 2482 functa
793 2453 836 2483 rei
848 2453 953 2484 functa
1078 2454 1211 2484 revincta
1362 2451 1496 2481 revincta

120 2506 176 2531 555
225 2504 331 2532 herent
511 2504 617 2532 herent
794 2506 900 2535 herent
1082 2505 1195 2533 haerent
1363 2503 1480 2531 haerent

120 2553 177 2581 556
225 2558 314 2582 aucta
512 2557 601 2583 aucta
796 2559 886 2584 aucta
1081 2559 1170 2584 aucta
1364 2557 1436 2592 apta

119 2605 176 2634 557
226 2602 374 2642 etiamque
512 2604 602 2633 etiam
795 2605 884 2634 etiam
1082 2604 1172 2633 etiam
1365 2602 1455 2632 etiam

226 2651 307 2682 deest
512 2664 600 2693 quam
796 2665 884 2694 quam
1083 2665 1171 2693 qnam
1365 2663 1452 2692 quam

121 2705 178 2733 559
226 2703 296 2742 quia
309 2707 371 2732 tam
514 2704 640 2743 quedam
796 2704 930 2743 quaedam
1083 2703 1153 2743 quia
1168 2707 1230 2733 tam
1366 2703 1436 2742 quia
1448 2707 1511 2733 tam

228 2758 299 2793 apta
313 2759 362 2784 est
514 2758 600 2793 rapta
612 2758 660 2784 est
797 2758 883 2794 rapta
897 2758 945 2784 est
1083 2757 1185 2793 aptast
1367 2753 1479 2793 apta'st

124 2802 181 2830 500
229 2803 340 2844 pern=ci
514 2803 632 2842 pernice
797 2803 915 2843 pernice
1084 2803 1196 2843 pernici
1367 2802 1479 2842 pernici

123 2850 178 2880 561
229 2853 312 2883 nobis
515 2853 599 2883 nobis
797 2853 882 2883 nobis
1086 2852 1166 2882 deest
1367 2852 1448 2882 deest

125 2900 181 2929 563
514 2908 576 2932 tam
798 2907 859 2933 tam
1085 2913 1151 2933 cum
1368 2913 1433 2932 cum
