1967 3314
576 254 793 304 LIBRI
841 250 1160 311 QUARTI.

1521 265 1615 313 279

129 643 170 671 V.

158 1775 176 1800 0

139 1775 176 1903 zze*

139 1924 156 2002 =1=1

158 1973 175 2002 —r
158 1924 175 1949 ιιι

116 1775 154 2097 ωὲξῦὶζηὺῑωω

158 2022 175 2047 α)

117 2121 136 2147 Ν

138 2121 175 2147 ffi
138 2074 176 2097 ἓ

118 2268 176 2294 383

117 2367 175 2396 387

117 2417 175 2443 388

117 2516 176 2545 389

118 2565 176 2594 390

118 2615 174 2644 391

118 2713 176 2743 392

118 2812 177 2841 393

239 467 441 490 FERRANDUS.

247 678 321 708 Sine
332 679 431 709 Anno.

223 869 346 899 obtusus

225 930 278 949 nec

225 969 406 999 derivabitur

225 1019 382 1049 simulacra

226 1069 384 1098 hebescere

224 1120 383 1149 offensibus

226 1272 258 1297 ut
272 1267 310 1297 ad
323 1272 440 1296 tornum

223 1320 344 1345 tuentur

223 1377 288 1406 quae

223 1417 348 1446 rotunda

220 1466 377 1496 simulacta

220 1517 251 1546 in
265 1516 328 1546 sole

222 1567 317 1596 credis

224 1616 384 1656 Indugredi

223 1671 397 1706 gestumque

222 1720 392 1754 sequentem

222 1776 330 1795 suenus

221 1826 403 1855 quaecunque

221 1864 352 1904 repletus

222 1919 325 1944 secuta

221 1963 378 2004 imaginem

221 2018 252 2043 et
265 2013 409 2053 spoliatur

221 2065 277 2094 hoc

220 2113 283 2144 sint

219 2164 328 2194 lumine

221 2224 311 2244 necue

221 2263 332 2294 Umbra
343 2274 466 2304 quaeque

221 2322 298 2341 nunc

222 2361 362 2401 affingere

222 2410 356 2441 vehimur

223 2461 292 2490 navi

226 2511 302 2540 Haec

224 2559 324 2599 pupim

223 2614 331 2648 praeter

223 2668 327 2687 navem

223 2708 364 2738 aethereis

221 2757 310 2787 affixa

222 2812 254 2837 et

223 2857 343 2888 assiduo

223 2906 304 2937 deal

561 591 693 621 Veronoe.

582 683 664 711 1486.

504 775 641 801 contecta

504 821 595 850 turris

504 870 625 900 obtutus

506 920 569 949 haec

506 969 686 999 derivabitur

507 1018 685 1049 simulachra

507 1069 663 1098 hebestore

507 1118 663 1148 offessibus

509 1169 576 1197 Hec

509 1217 551 1247 Et

507 1272 541 1296 ut
553 1267 591 1296 ad
607 1272 719 1297 turmm

506 1321 627 1347 tuentur

506 1378 563 1406 que

506 1417 631 1446 retunda

501 1466 683 1496 simulachra

479 1542 483 1546 .
502 1515 535 1544 ,ἰιι
549 1515 612 1544 sole

505 1564 600 1594 credis

506 1615 668 1655 Indugredi

503 1669 680 1704 gestumque

504 1719 677 1753 sequentem

503 1774 622 1794 suemus

504 1825 676 1854 quecunque

503 1863 633 1903 repletur

503 1918 607 1942 secuta

502 1963 660 2002 imag-inem

502 2018 536 2042 ut
548 2012 693 2052 spoliatur

504 2223 558 2242 nec
572 2223 608 2241 ve

506 2262 618 2292 Umbra
628 2272 742 2302 queque

506 2322 583 2341 nunc

506 2362 645 2402 effingere

506 2411 648 2441 vehamur

507 2461 577 2490 nani

510 2511 577 2539 Hec

508 2560 627 2601 puppim

508 2616 613 2649 pneoel'

509 2669 614 2689 nauem

509 2708 646 2738 aethereis

511 2758 598 2787 affixa

512 2813 543 2838 et

508 2856 630 2887 assiduo

512 2905 593 2937 deest

553 490 690 510 PERGER.
763 487 768 564 1
788 489 1023 510 RAGAZONLBUS.

488 435 610 455 munus
623 435 760 456 mumm-
781 436 973 457 ‘rmzononus
989 428 1043 456 m!

867 683 952 711 1495.

788 772 925 797 contecta

788 818 880 848 turris

789 869 910 898 obtutus

790 920 853 948 haec

790 967 970 997 derivabitur

791 1016 970 1047 simulachra

791 1068 946 1097 hebestore

790 1117 946 1147 offessibus

793 1166 859 1194 Hec

792 1215 835 1244 Et

791 1270 824 1295 ut
837 1265 875 1294 ad
894 1270 1007 1295 turrum

791 1320 911 1344 tuentur

792 1375 858 1403 quae

790 1415 916 1444 retunda

790 1464 969 1494 simulachra

789 1514 882 1544 insole

790 1564 885 1594 credis

791 1614 954 1654 Indugredi

789 1670 965 1705 gestumque

790 1715 959 1754 sequentem

788 1776 908 1795 suemus

789 1825 969 1854 quaecunque

789 1865 917 1904 repletur

790 1919 893 1944 secuta

787 1963 944 2003 imaginem

789 2018 821 2042 ut
834 2012 978 2053 spoliatur

790 2360 928 2400 effingere

789 2411 932 2439 vehumur

791 2459 860 2488 nani

794 2507 861 2536 Hec

792 2559 912 2599 puppim

791 2614 897 2648 pneter

792 2668 897 2687 nanem

793 2708 930 2738 aethereis

792 2758 882 2788 affixa

1125 592 1153 620 V
1150 593 1260 623 enetiis.

1150 690 1163 714 1
1168 689 1233 716 500.

1073 775 1207 815 conjecta

1073 824 1181 854 turreis

1074 874 1196 904 obtusus

1075 934 1129 953 nec

1075 973 1222 1003 delabitur

1074 1023 1232 1053 simulacra

1075 1072 1233 1101 hebescere
1247 1087 1252 1092 ·

1074 1122 1234 1152 offensibus

1075 1173 1138 1202 haec

1077 1221 1128 1251 Fit

1074 1276 1108 1300 ut
1120 1271 1158 1300 ad
1171 1272 1274 1301 turrim

1074 1325 1198 1350 tuantur

1075 1380 1144 1410 quae

1074 1421 1202 1450 rotunda

1075 1469 1214 1500 simulata

1075 1519 1105 1548 in
1120 1519 1182 1549 sole

1074 1569 1170 1598 credis

1074 1618 1230 1658 indugredi

1075 1678 1268 1707 gressumque

1075 1717 1257 1757 frequentem

1075 1776 1193 1796 suemus

1075 1825 1248 1854 quecunque

1075 1864 1205 1904 repletur

1076 1924 1180 1944 secura

1075 1964 1208 2004 margine

1074 2014 1243 2054 expoliatur

1077 2226 1168 2244 necne

1077 2265 1245 2304 Umbraque
1259 2276 1324 2304 quae

1076 2325 1144 2343 num

1077 2365 1214 2404 effingere

1077 2414 1220 2442 vehumur

1077 2462 1144 2492 vavi

1077 2513 1143 2541 haec

1078 2561 1198 2601 puppim

1078 2616 1185 2650 praeter

1081 2670 1185 2689 narem

1081 2709 1220 2739 aethereis

1081 2758 1169 2787 affixa

1082 2814 1113 2839 et

1083 2858 1203 2889 assiduo

1082 2907 1161 2939 deest

1369 416 1410 435 nx
1420 416 1583 440 TYPOGRA-

1341 469 1420 490 rmA
1435 469 1614 493 socnzuris

1381 524 1574 544 upon-nxz.

1359 771 1494 810 conjecta

1359 820 1468 850 turreis

1359 870 1482 900 obtusus

1359 931 1413 950 nec

1359 969 1521 1009 perlabitur

1358 1018 1516 1049 simulacra

1359 1068 1518 1098 hebescere

1360 1119 1520 1149 offensibus

1362 1169 1443 1198 Hinc

1361 1219 1412 1249 Fit

1360 1273 1480 1298 tornata
1494 1272 1527 1298 ut

1360 1322 1482 1348 tuantur

1360 1377 1429 1407 quae

1360 1417 1488 1446 rotunda

1360 1465 1500 1496 simulata

1360 1517 1390 1546 in
1403 1516 1466 1546 sole

1361 1567 1464 1596 credas

1362 1616 1532 1656 Endogredi

1363 1671 1525 1706 gestusque

1361 1719 1532 1755 sequentem

1360 1776 1478 1795 suemus
1520 1781 1533 1792 1

1360 1825 1535 1855 quacunque

1361 1865 1490 1906 repletur

1361 1919 1465 1945 secuta

1360 1964 1390 1992 in
1405 1964 1504 2004 ignem

1360 2018 1391 2043 et
1404 2012 1548 2053 spoliatur

1361 2064 1410 2093 hic

1361 2113 1422 2142 sint

1362 2163 1472 2192 lumina

1362 2221 1453 2242 necne

1365 2263 1535 2302 Umbraque
1547 2272 1587 2302 qu

1363 2323 1431 2343 num

1362 2363 1514 2402 adfingere

1362 2412 1495 2442 vehimur

1364 2561 1484 2602 puppim

1364 2616 1470 2652 praeter

1364 2671 1462 2690 nav1m

1366 2710 1498 2740 aetheriis
