1967 3314
594 252 815 302 LIBRI
863 250 1166 309 QUINTI.
1551 268 1646 308 325

505 434 629 455 PAULUS
642 435 777 455 nuum<-
802 436 994 456 THEonoRus
1011 436 1052 455 DE
1393 415 1434 435 Ex
1451 417 1617 440 TYPOGRA⁰

255 467 458 490 FERRANDUS.
572 489 710 509 PERGER·
810 489 1044 510 RAGAZONJBUS·
1161 468 1276 489 Annus.
1366 468 1444 488 Pam
1459 470 1642 494 soen-:TATm

1405 522 1600 546 mrox'rrxffi.

286 591 418 621 Bn'xioe.
861 591 1002 622 Venetiis.
1148 591 1286 622 Venetiis.
1435 592 1571 633 Biponti.

262 681 336 711 Sine
348 682 447 711 Anno.
889 684 974 713 1495·
1175 688 1258 715 1500.
1463 686 1547 716 1782.

522 773 617 812 partis
809 771 905 810 partis
1096 773 1208 813 parteis
1383 771 1496 811 parteis

522 828 632 853 caetera
809 825 918 850 caetera
1097 829 1204 853 caetera
1383 828 1484 851 cetera

525 873 615 903 Nunc
811 869 901 899 Nunc
1099 873 1189 902 Nunc
1387 871 1477 900 Hunc

239 922 360 951 exordia
523 933 561 951 ex
576 923 660 953 ordia
809 920 931 950 exordia
1097 923 1219 952 exordia
1386 921 1508 950 exordia

240 976 344 1000 secuta.
525 979 652 1012 sequuta
810 974 938 1008 sequuta
1097 978 1202 1003 secuta
1385 977 1490 1002 secuta

241 1026 381 1061 utrasque
525 1027 666 1064 utrasque
810 1023 952 1058 utrasque
1097 1028 1240 1063 utrosque
1384 1025 1527 1060 utrosque

240 1082 319 1101 aurrs
559 1074 565 1080 '
811 1068 871 1098 aris
1097 1083 1186 1102 auras
1385 1071 1465 1100 auris

240 1122 314 1155 Quae
810 1119 888 1153 Quae
1098 1123 1173 1156 Quae
1387 1121 1461 1155 Quae

240 1172 345 1202 ascivit
810 1173 918 1198 asclnt
1098 1173 1205 1202 ascivit
1387 1170 1515 1199 adsmnt

240 1232 294 1251 nee
810 1224 844 1248 ut
1101 1232 1154 1251 nec
1387 1229 1482 1258 neque

239 1283 334 1312 neque
810 1279 906 1308 neque
1099 1282 1194 1311 neque
1387 1279 1443 1298 nec

237 1322 357 1351 fuerunt
523 1324 643 1353 fuerunt
808 1319 930 1348 fuerunt
1096 1321 1207 1352 fuerint
1386 1318 1497 1347 fuerint

240 1375 380 1410 utrasque
522 1379 663 1412 utrasque
809 1373 952 1406 utrasque
1098 1375 1240 1410 utrasque
1387 1372 1529 1406 utrosque

237 1425 341 1450 extent
523 1428 628 1453 extent
809 1422 914 1447 extent
1098 1425 1204 1451 extent
1386 1421 1509 1447 exstent

238 1471 371 1511 quaedam
522 1473 647 1513 quedam
809 1466 942 1505 quaedam
1098 1471 1236 1511 quaedam
1387 1467 1525 1507 quaedam

238 1521 399 1551 instatione
523 1523 710 1553 institutione
809 1516 997 1546 institutione
1098 1520 1128 1550 in
1142 1520 1273 1550 statione
1385 1520 1416 1548 in
1431 1519 1560 1549 statione

238 1575 338 1600 tamen
523 1573 604 1602 deest
810 1566 891 1595 dee-⁹2
1097 1576 1197 1599 tamen
1385 1572 1486 1598 tamen

240 1630 306 1649 curn
525 1633 595 1662 qum
810 1627 879 1656 qum
1099 1631 1165 1649 cum
1386 1627 1453 1646 cum

241 1679 306 1708 quae
525 1683 583 1712 que
811 1676 877 1704 ‘3¹¹ae
1099 1680 1167 1709 <1¹1ae
1387 1677 1454 1706 quae

241 1723 414 1749 moveantur
526 1726 700 1752 moveantur
811 1719 984 1745 momantur
1099 1724 1237 1750 moveant
1250 1730 1305 1749 nos
1387 1720 1561 1747 moveantur

242 1770 349 1799 caerula
528 1770 627 1800 cerula
811 1765 913 1794 cel'lssa
1100 1769 1212 1798 caerula
1388 1767 1496 1798 caerula

240 1819 317 1848 falso
525 1821 603 1850 falso
811 1814 888 1844 salso
1099 1819 1180 1849 salso
1388 1817 1469 1846 salso

241 1869 362 1898 suffodit
526 1870 647 1900 suffodit
811 1864 932 1894 suffodit
1099 1869 1220 1899 suffodit
1387 1866 1512 1896 suffudit

240 1918 350 1948 circum
525 1930 625 1948 curam
811 1926 911 1944 curam
1099 1929 1219 1949 curvam
1387 1917 1496 1946 circum

240 1967 333 1996 radiis
526 1969 616 1999 radiis
810 1965 901 1994 radiis
1099 1968 1175 1998 radii
1388 1967 1463 1996 radii

240 2016 352 2046 lumina
526 2018 636 2049 lumina
810 2015 920 2044 lumina
1099 2017 1201 2047 limina
1388 2016 1489 2045 limina

239 2071 354 2107 partem
526 2073 640 2109 partem
810 2069 925 2104 partem
1098 2072 1213 2107 partem
1388 2070 1520 2105 apertam

241 2117 338 2147 salsus
527 2119 607 2148 deest
810 2115 892 2144 deest
1099 2116 1197 2146 salsus
1388 2114 1486 2145 salsus

239 2167 386 2197 manando
526 2170 673 2200 manando
810 2165 956 2195 manando
1098 2165 1264 2195 mandando
1388 2164 1534 2195 manando

239 2216 372 2246 natantis
526 2219 658 2250 natantis
811 2215 943 2245 natantis
1099 2215 1250 2245 natanteis
1390 2214 1542 2245 natanteis

242 2267 382 2296 volabaut
525 2269 665 2299 volebant
812 2266 950 2296 volebant
1100 2266 1243 2295 volabant
1389 2265 1531 2295 volabant

242 2315 360 2355 vaporis
526 2319 646 2360 voporis
812 2317 930 2356 voporis
1101 2315 1219 2355 vaporis
1390 2315 1508 2356 vaporis

243 2364 308 2394 caeli
527 2369 595 2399 caeli
813 2367 878 2397 eaeli
1101 2365 1165 2394 caeli
1389 2366 1455 2396 coeli

246 2414 423 2444 Densabant
531 2418 710 2447 Densabant
816 2416 995 2445 Densabant
1101 2414 1267 2443 densabant
1391 2415 1567 2445 Densebant

247 2464 396 2494 Sedebant
532 2466 674 2495 Sidebant
817 2466 962 2495 Sidebant
1104 2464 1247 2494 Sidebant
1391 2465 1534 2494 Sidebant

245 2513 398 2543 subsidere
530 2515 586 2545 sub
599 2515 698 2545 sidare
816 2516 871 2545 sub
885 2515 992 2555 sydera
1102 2512 1256 2542 subsidere
1389 2514 1543 2545 subsidere

245 2563 340 2594 omnis
531 2574 633 2594 omnes
816 2575 918 2595 omnes
1102 2572 1204 2592 omnes
1389 2573 1490 2593 omnes

246 2613 438 2644 subcumbere
531 2614 721 2644 succumbere
816 2615 1006 2645 succumbere
1103 2612 1294 2642 succumbere
1389 2613 1579 2644 succumbere

247 2664 341 2704 partis
531 2664 627 2704 partis
817 2665 913 2704 partis
1104 2666 1205 2702 partes
1390 2668 1492 2704 partes

139 2716 198 2748 496
247 2718 325 2743 terre
532 2718 638 2743 temae
816 2719 907 2744 terrae
1104 2718 1194 2742 terrae
1391 2718 1482 2743 terrae

246 2764 362 2804 pondus
533 2763 639 2803 pondis
816 2763 922 2803 pondis
1104 2761 1219 2802 pondus
1391 2763 1505 2803 pondus

141 2817 199 2846 498
247 2814 383 2844 subsedit
534 2813 590 2842 sub
603 2811 683 2842 sedit
817 2813 872 2842 sub
886 2812 965 2843 sedit
1107 2811 1244 2842 subsedit
1392 2812 1527 2843 subsedit

110 2857 111 2860 ¹
247 2865 297 2894 fex
532 2862 580 2892 fex
819 2861 870 2891 fex
1106 2862 1156 2892 fex
1392 2863 1452 2893 faex

109 2902 112 2907 ¹
143 2916 197 2943 501
247 2912 340 2944 levior
533 2910 625 2941 levlor
821 2910 914 2941 levior
1107 2910 1220 2942 leviora
1397 2911 1508 2943 leviora
