1967 3314
309 238 403 278 328

606 229 1061 280 VARIANTES
1103 232 1542 282 LECTIONES

448 441 652 464 FER-mutnus.

488 569 618 599 Brixiae.

459 660 532 688 Sine
545 660 645 689 Anno.

442 747 608 788 Conjuncta

440 808 474 826 cu
479 808 554 837 nque

441 846 479 875 Al
484 846 537 876 lice
541 857 570 876 re

440 896 544 926 calidis

441 947 539 975 afflare

443 995 529 1024 Nihil

441 1044 499 1073 nisi

441 1093 522 1123 deest

442 1143 594 1174 intervalis

441 1195 521 1225 deest

441 1245 551 1275 librant

442 1294 514 1323 nihil

441 1343 566 1382 spetiem
579 1348 628 1373 est

704 412 827 432 PAULUS
840 411 978 431 FRIDEN-
1003 412 1196 434 THEODORUS
1211 414 1252 434 ΒΕ

1357 446 1470 467 ALDUS.

1591 395 1808 417 murocin—
1851 389 1855 395 '

1564 447 1640 468 enm
1656 448 1840 471 soem-ruis

1605 502 1803 524 mmm-nme.

1637 573 1775 614 Biponti.

1653 667 1666 692 l
1672 667 1737 696 782.

1581 750 1762 789 Conjuuctus

1579 810 1594 828 c
1599 809 1695 838 unque

1580 848 1628 876 Ad
1625 848 1720 887 jicere

1580 896 1707 926 calidum

1580 945 1690 976 adflare

1582 994 1639 1024 Illa

1580 1044 1647 1084 ipsa

1580 1094 1660 1124 deest

1581 1144 1738 1176 intervalla

1583 1195 1657 1224 iiiliil

1581 1244 1685 1275 limant

1581 1293 1629 1323 nih
1634 1294 1673 1324 ilo

1580 1344 1751 1384 speciem’st

431 1393 610 1423 contractior
619 1393 696 1433 ignis
705 1397 850 1426 contracti
858 1397 980 1436 originis
990 1395 1134 1424 contracti
1143 1394 1266 1434 originis
1286 1400 1465 1430 contractior
1476 1400 1554 1441 ignis
1571 1394 1751 1424 contractior
1761 1394 1838 1435 ignis

442 1454 528 1483 quem

442 1493 558 1533 fulgent

442 1543 576 1583 lunaeque

444 1593 531 1622 Nihil

442 1653 498 1673 sua

443 1692 591 1732 Quicquid

444 1741 518 1771 nihil

444 1792 570 1823 offertur

444 1853 504 1883 qua

447 1894 528 1934 prins

445 1953 511 1982 quae

444 1996 559 2022 semota

445 2051 497 2080 per
511 2041 634 2071 multum

445 2090 540 2129 spetie

445 2150 567 2169 necesse
580 2145 627 2170 est

444 2190 571 2224 Quando
583 2191 699 2230 quidem

445 2240 571 2280 spetiem

446 2295 493 2321 est
505 2291 565 2321 oris

445 2343 568 2377 Quanta

446 2403 563 2434 quoque

445 2447 516 2474 sunt

444 2495 514 2523 hinc

446 2543 530 2573 nobis

445 2593 526 2623 deest

444 2643 529 2683 ignes

443 2693 570 2726 Quando
582 2692 699 2732 quidem

444 2741 473 2769 in
486 2741 574 2771 terris

443 2789 523 2819 deest

444 2839 582 2879 Dumque

441 2887 521 2919 deest

767 465 903 486 renota.
1009 466 1245 487 RAGAzoanS.

774 571 906 600 Veronae.
1056 569 1196 600 Venetiis.

803 664 889 692 1486.
1089 663 1174 692 1495.

726 751 891 791 Conjuncta
1009 750 1173 790 conjuncta
1296 753 1478 794 Conjunctus

724 811 839 839 cunque
1009 809 1123 839 cunque
1295 813 1418 842 cumque

725 850 856 879 Allicere
1010 848 1139 878 Allicere
1295 852 1413 882 allicere

725 900 829 930 calidis
1010 897 1115 928 calidis
1296 904 1423 933 calidum

725 950 762 979 ad
778 950 849 980 flare
1010 946 1048 984 ad
1059 946 1129 976 flare
1297 953 1406 982 adflare

727 999 813 1029 Nihil
1012 995 1100 1025 Nihil
1300 1001 1330 1030 N
1334 1002 1412 1041 ilque

727 1049 784 1078 nisi
1011 1045 1068 1074 nisi
1298 1052 1356 1082 nisi

725 1098 806 1128 deest
996 1094 1092 1132 >dee-⁵⁸2
1298 1113 1336 1132 ex

725 1148 888 1179 intervallis
1010 1144 1174 1175 intervallis
1298 1150 1463 1181 intervallis

725 1198 805 1227 deest
1012 1194 1095 1224 defflt
1298 1201 1379 1230 deest

725 1248 835 1279 librant
1012 1244 1123 1274 librant
1299 1250 1408 1281 librant

726 1298 798 1327 nihil
1011 1295 1084 1325 nihil
1299 1299 1392 1329 nihilo

724 1348 849 1387 spetiem
863 1352 911 1378 est
1009 1345 1134 1384 spetiem
1146 1349 1193 1374 est
1297 1351 1457 1390 speciemst

726 1457 813 1486 quom
1010 1455 1097 1483 quom
1297 1450 1434 1489 quoniam

725 1496 842 1537 fulgent
1008 1494 1124 1535 fulgent
1296 1499 1411 1540 fulgent

725 1546 865 1585 illumque
1007 1544 1015 1573 ἰ
1026 1545 1155 1584 llumque
1297 1550 1435 1589 lunaeque

727 1594 814 1623 Nihil
1013 1594 1098 1623 Nihil
1300 1599 1352 1627 Nil

727 1654 782 1674 suo
1011 1654 1065 1673 suo
1297 1658 1381 1677 suam

725 1694 874 1734 Quicquid
1011 1693 1162 1733 Quicquid
1298 1697 1436 1737 quicquid

726 1745 799 1774 nihil
1012 1743 1083 1774 nihil
1299 1747 1372 1777 nihil

726 1794 849 1825 offertur
1011 1795 1134 1826 offertur
1297 1798 1419 1828 offertur

726 1856 785 1884 qua
1012 1856 1071 1886 qua
1299 1859 1358 1887 qua

727 1895 809 1935 prius
1010 1896 1093 1936 prius
1299 1898 1380 1937 prius

726 1956 784 1984 que
1011 1957 1077 1985 quae
1297 1958 1364 1987 quae

727 2000 841 2025 semota
1012 2000 1127 2025 semota
1298 2000 1413 2026 semota

727 2045 905 2084 permultum
1013 2045 1190 2086 permultum
1299 2055 1352 2085 per
1364 2046 1488 2075 multum

726 2094 822 2135 spetie
1012 2095 1108 2135 spetie
1299 2096 1398 2136 specie

727 2154 848 2174 necesse
861 2149 908 2174 est
1013 2149 1164 2174 necessest
1299 2149 1451 2175 necessest

727 2193 853 2227 Quando
866 2194 983 2233 quidem
1012 2195 1139 2229 Quando
1151 2195 1266 2234 quidem
1298 2195 1542 2234 Quandoquidem

728 2243 853 2282 spetiem
1009 2244 1134 2284 spetiem
1298 2245 1425 2285 speciem

729 2293 836 2322 esteris
1013 2293 1119 2323 esteris
1299 2299 1346 2324 est
1359 2294 1419 2323 oris

729 2344 850 2378 Quanto
1013 2343 1134 2377 Quanto
1299 2345 1478 2384 Quantaque

728 2403 844 2433 quoque
1014 2403 1130 2432 quoque
1300 2396 1341 2425 sit

728 2448 841 2482 quanta
1014 2446 1126 2481 quanta
1299 2445 1384 2475 nobis

729 2497 799 2523 sunt
1012 2496 1083 2521 sunt
1299 2499 1386 2524 tanta

728 2543 798 2572 hine
1014 2541 1083 2572 hinc
1300 2546 1368 2575 hinc

729 2591 814 2622 nobis
1014 2592 1098 2622 nobis
1299 2595 1380 2624 deest

729 2642 814 2682 ignes
1011 2641 1096 2682 ignes
1299 2644 1395 2685 igneis

728 2692 855 2727 Quando
866 2691 982 2732 quidem
1012 2692 1138 2726 Quando
1151 2693 1266 2732 quidem
1297 2694 1541 2734 Quandoquidem

728 2741 832 2771 interis
1012 2742 1116 2773 interis
1298 2744 1328 2773 in
1341 2743 1431 2774 terris

727 2790 807 2820 deest
1012 2790 1094 2821 deest
1297 2791 1378 2822 deest

727 2841 808 2870 Dum
1013 2842 1093 2871 Dum
1297 2842 1424 2881 dumque

725 2889 807 2920 deest
1011 2890 1093 2920 deest
1297 2890 1378 2921 deest

1580 1443 1717 1482 quoniam

1580 1494 1701 1534 tingunt

1579 1543 1718 1583 filumque

1582 1593 1636 1622 Nil

1579 1653 1664 1672 suam

1581 1691 1731 1732 Quidquid

1581 1741 1674 1771 nihilo

1581 1791 1675 1821 fertur

1582 1853 1670 1882 quam

1581 1893 1664 1932 prius

1581 1934 1647 1983 quae

1582 1999 1725 2025 remmota

1581 2055 1634 2084 per
1648 2044 1771 2074 multum

1579 2094 1679 2134 specie

1582 2143 1745 2173 necesse'st

1580 2193 1825 2232 Quandoquidem

1580 2243 1708 2283 speciem
1747 2261 1751 2268 ι

1581 2297 1629 2322 est
1640 2292 1699 2321 oris

1582 2343 1703 2377 Quanta

1582 2394 1649 2422 haec

1582 2453 1697 2482 cunque

1582 2493 1649 2523 fuat

1581 2547 1668 2573 tanta

1581 2594 1651 2623 hinc

1581 2644 1678 2684 igneis

1580 2691 1822 2731 Quandoquidem

1580 2745 1610 2774 in
1623 2742 1712 2773 terris

1581 2793 1677 2834 igneis

1583 2844 1665 2873 Dum

1581 2897 1630 2923 est
