1967 3314
614 231 830 281 LIBRI
877 232 1195 289 QUARTI.
1562 241 1655 288 275

515 413 635 433 PAULUS
652 414 785 434 FRIDEN-
810 413 1001 433 THEODORUS
1015 413 1056 432 DE
1397 391 1439 411 EX
1450 392 1612 415 TYPOGRA-

266 443 468 466 FERRANDUS.
579 468 705 489 PERGER
816 467 1041 488 RAGAZOMBUS
1157 445 1270 466 ALnus.
1365 445 1444 465 PHIA
1460 446 1639 469 socmrAns

708 482 715 490 ‘
1043 479 1050 486 ⁸
1406 500 1600 521 BIPONTINAE.

578 571 707 602 mmm.
862 568 999 598 venetiis.
1074 548 1080 625 1
1150 569 1288 601 venetiis.
1429 569 1564 610 Biponti.

152 615 193 644 V.
798 627 1357 636 ψὴ-

610 662 694 689 1486,
896 659 978 687 1495.
1174 661 1259 687 1500.
1462 662 1544 691 1782.

142 749 200 777 216
248 747 356 777 accidit
531 749 639 780 accidit
816 746 925 776 accidit
1099 745 1208 775 accidit
1385 744 1501 775 accidat

142 801 177 826 21
184 802 200 830 7
248 796 322 826 mira
531 799 605 828 mira
816 795 890 825 mira
1099 795 1173 824 mira
1384 794 1462 823 mitti

248 845 328 875 deest
530 847 609 878 deest
816 843 896 874 deest
1099 845 1162 874 haec
1384 844 1450 873 haec

248 906 369 926 necesse
380 901 428 926 est
531 904 682 929 necessest
816 900 967 926 necessest
1098 899 1249 925 necessest
1383 895 1546 926 necesse'st

142 950 177 976 21
183 950 200 975 8
247 955 316 984 quae
530 959 586 987 que
815 956 870 984 que
1098 956 1163 984 quae
1386 954 1452 982 quae

247 995 355 1025 feriant
530 998 644 1029 sereant
815 995 929 1024 fereant
1097 995 1205 1026 feriant
1383 993 1491 1024 feriant

141 1048 199 1078 219
531 1047 624 1078 fluant
814 1044 907 1074 fluant
1096 1043 1189 1074 fluant
1383 1043 1476 1074 fluunt

529 1098 584 1127 sub
813 1093 868 1122 sub
1096 1093 1133 1122 ab
1383 1094 1420 1122 ab

141 1148 200 1174 220
526 1147 622 1178 fluviis
813 1144 898 1173 fluvis
1096 1141 1191 1173 fluviis
1381 1143 1477 1174 fluviis
1520 1136 1522 1140 ¹

140 1198 195 1223 221
527 1197 689 1236 AEquorum
812 1195 974 1234 AEquorum
1096 1192 1235 1231 AEquoris
1383 1193 1522 1232 AEquoris

246 1257 408 1276 meororum
526 1257 654 1276 meorum
812 1254 940 1274 meorum
1095 1252 1251 1271 maerorum
1382 1253 1537 1273 moerorum

243 1296 344 1325 littora
525 1296 627 1326 littora
811 1293 913 1323 littora
1096 1290 1197 1319 littora
1382 1292 1470 1321 litora

136 1347 194 1373 223
242 1344 312 1374 falsi
525 1345 610 1375 sfalsi
810 1342 895 1372 sfalsi
1095 1338 1167 1368 salsi
1380 1341 1453 1370 salsi

136 1398 195 1423 224
240 1393 335 1424 diluta
347 1405 412 1434 quae
525 1394 677 1433 dilutaque
811 1391 963 1431 dilutaque
1094 1388 1247 1428 dilutaque
1338 1398 1346 1407 ·
1380 1390 1532 1430 dilutaque

137 1447 194 1472 225
240 1443 339 1474 miseri
524 1445 624 1474 miseri
810 1441 909 1470 miseri
1095 1437 1211 1468 misceri
1380 1440 1498 1470 misceri

241 1494 392 1524 absinthia
525 1495 676 1525 absinthia
810 1491 961 1520 absinthia
1093 1488 1244 1528 apsinthia
1380 1489 1531 1519 absinthia

136 1545 194 1573 226
241 1554 365 1583 quaeque
525 1554 640 1583 queque
810 1551 926 1580 queque
1094 1549 1216 1578 quaeque
1379 1549 1506 1580 quaeque

136 1597 195 1625 227
243 1597 343 1632 partes
526 1599 626 1634 partes
811 1595 911 1629 partes
1094 1588 1205 1627 parteis
1379 1589 1491 1628 parteis

137 1646 195 1672 228
242 1641 319 1671 inter
331 1642 419 1672 datur
525 1643 692 1673 incerdatnr
811 1640 978 1670 incerdatur
1094 1637 1171 1666 intel·
1184 1636 1272 1667 datur
1378 1638 1456 1668 inter
1472 1639 1560 1668 datur

137 1696 196 1721 230
243 1701 348 1720 sonare
525 1704 629 1723 sonare
811 1699 915 1718 sonare
1094 1696 1199 1715 sonare
1379 1697 1513 1717 sonorem

137 1745 195 1771 232
242 1740 402 1780 eademque
525 1743 685 1782 eademque
811 1738 971 1778 eademque
1093 1736 1207 1771 eadem,
1222 1747 1290 1776 quae
1379 1736 1493 1771 eadem,
1510 1746 1578 1775 quae

137 1794 195 1820 233
242 1800 363 1820 necesse
375 1795 423 1820 est
525 1799 676 1822 necessest
811 1792 964 1817 necessest
1092 1791 1245 1815 necessest
1379 1785 1542 1815 necesse'st

136 1843 193 1869 235
241 1844 390 1870 tentamus
525 1846 703 1881 temptamus
811 1844 989 1878 temptamus
1093 1839 1242 1865 tentamus
1379 1839 1528 1864 tentamus

136 1893 194 1923 237
244 1890 396 1920 Accedere
524 1891 677 1920 Accedere
811 1888 962 1917 Accedere
1094 1885 1238 1914 Accidere
1379 1884 1525 1913 Accidere

242 1940 367 1980 spetiem
525 1941 649 1980 spetiem
809 1937 933 1976 spetiem
1093 1934 1222 1974 speciem
1378 1933 1506 1972 speciem

135 1992 195 2018 240
241 2001 307 2028 quae
524 2001 581 2029 que
809 1998 867 2026 que
1094 1995 1159 2023 quae
1378 1991 1446 2020 quae

241 2039 398 2070 simulacra
525 2041 703 2070 simulachra
809 2037 989 2068 simulachra
1094 2033 1251 2063 simulacra
1377 2030 1536 2061 simulacra

135 2091 190 2117 241
242 2089 379 2129 Undique
528 2090 669 2129 Undeque
812 2087 954 2126 Undeque
1094 2083 1231 2122 Undique
1379 2083 1516 2121 Undique

242 2140 343 2170 dedita
526 2139 626 2169 dedita
809 2136 910 2166 dedita
1091 2133 1187 2163 didita
1378 2131 1472 2161 didita

243 2189 337 2229 partis
525 2190 620 2230 partis
809 2187 904 2226 partis
1093 2183 1203 2223 parteis
1378 2181 1489 2221 parteis

137 2241 195 2267 242
243 2241 342 2270 oculos
525 2240 625 2269 oculos
809 2236 909 2266 oculos
1093 2233 1185 2262 oculis
1378 2231 1472 2261 oculis

137 2291 195 2316 243
243 2289 403 2329 Propterea
527 2289 681 2318 Praeterea
813 2285 961 2316 Praeterea
1095 2284 1258 2324 Propterea
1380 2280 1542 2320 Propterea

244 2340 368 2378 spetiem
526 2339 650 2378 spetiem
810 2336 938 2376 speciem
1093 2332 1221 2373 speciem
1378 2331 1506 2371 speciem

243 2399 344 2419 omnes
527 2398 627 2417 omnes
811 2396 911 2416 omnes
1094 2393 1204 2412 omneis
1378 2390 1479 2410 omnes

137 2441 196 2466 244
243 2439 284 2468 ibi
528 2437 577 2466 ubi
811 2435 862 2463 ubi
1094 2434 1135 2463 ibi
1378 2430 1419 2459 ibi

244 2498 309 2517 eam
529 2496 619 2515 causa
812 2495 902 2514 cansa
1093 2493 1129 2511 ea
1377 2488 1442 2507 eam

138 2540 195 2566 245
244 2548 367 2577 quaeque
528 2546 643 2575 queque
812 2544 926 2574 queque
1096 2540 1222 2571 quaequc
1378 2537 1501 2567 quaeque

244 2588 281 2617 ab
529 2586 566 2615 ab
812 2585 850 2614 ab
1095 2582 1132 2611 ab
1379 2590 1398 2608 a

137 2636 196 2665 246
244 2638 442 2667 internoscere
529 2635 606 2664 inter
619 2639 736 2665 nostere
812 2635 890 2664 inter
902 2638 1021 2664 nostere
1095 2633 1293 2662 internoscere
1379 2630 1577 2658 internoscere

138 2689 195 2718 247
244 2699 310 2717 cum
528 2695 597 2723 qum
812 2694 881 2723 qum
1096 2692 1161 2711 cum
1379 2689 1445 2708 cum

244 2750 281 2768 ex
294 2738 404 2779 templo
530 2745 566 2763 ex
579 2734 690 2775 templo
812 2744 850 2763 ex
865 2733 974 2773 templo
1097 2731 1244 2772 extemplo
1379 2727 1528 2768 extemplo

245 2788 380 2828 procudit
529 2784 660 2823 protudit
813 2783 945 2823 protudit
1098 2781 1231 2821 procudit
1381 2777 1531 2818 protrudit

243 2838 308 2878 agit
321 2848 389 2878 quae
528 2834 650 2875 agitque
813 2833 934 2873 agitque
1099 2831 1219 2871 agitque
1381 2828 1503 2869 agitque

137 2889 194 2916 248
243 2889 323 2918 Aera
530 2887 610 2915 Aera
815 2885 877 2913 Aer
897 2894 915 2913 a
1099 2883 1181 2911 Aera
1384 2880 1465 2908 Aera
