1967 3314
603 252 820 302 LIBRI
862 252 1178 310 QUARTI.
1549 265 1645 314 273

1384 416 1424 435 Ex
1436 418 1600 440 TYPOGRA-

1356 470 1434 490 Plssa
1450 471 1629 495 socuz'rATls

1398 524 1591 547 BIPONTINAE.

502 435 625 457 PAULUS
636 436 769 456 mumm-
797 435 988 456 'tl-monouus
1003 437 1044 456 DE

570 490 706 512 PERGER.

252 470 312 491 FER
316 468 453 490 RANDUS.

799 491 1033 512 RAGAZOMBUS.

563 593 692 623 Veronae.
854 595 991 627 Venetiis.
1139 595 1280 625 Venetiis.
1424 594 1558 635 Biponti.

1448 685 1462 711 1
1468 686 1531 715 782.

880 687 964 715 1495.

234 780 355 801 necesse
366 777 414 802 est
803 781 923 802 necesse
937 778 984 804 est
1088 777 1240 802 necessest
1372 771 1537 802 necesse’st

235 821 329 859 partis
801 822 895 861 partis
1087 822 1200 860 parteis
1372 821 1484 858 parteis

235 880 408 912 quocunque
802 872 1029 914 quodquurnque
1087 881 1261 912 quocunque
1372 869 1571 910 quiescunque

236 920 414 952 obvertimus
801 923 982 955 advertimus
1087 920 1264 952 obvertimus
1371 918 1551 951 obvertimus

237 970 309 1000 illud
800 970 873 1001 illud
1087 968 1158 999 illud
1370 968 1429 998 oris

236 1019 278 1048 ibi
800 1019 857 1049 sibi
1086 1019 1126 1048 ibi
1369 1017 1411 1046 ibi

236 1079 302 1099 cum
800 1080 866 1099 cum
1085 1078 1151 1098 cum
1370 1077 1457 1105 quom

237 1119 304 1148 caeli
800 1118 856 1148 celi
1084 1117 1148 1147 caeli
1369 1116 1435 1145 coeli

236 1178 288 1208 per
301 1179 389 1207 quam
800 1179 852 1209 per
865 1181 953 1209 quam
1084 1176 1136 1205 per
1149 1178 1238 1206 quam
1367 1175 1509 1205 perquam

235 1217 310 1248 faede
799 1219 876 1249 foede
1084 1215 1160 1246 foede
1368 1215 1444 1245 foede

236 1268 329 1298 omnis
352 1258 355 1259 ⁷
797 1270 891 1300 omnis
1083 1268 1194 1297 omneis
1366 1265 1478 1296 omneis

235 1318 395 1348 acherunte
796 1319 958 1350 achemnte
1082 1316 1243 1347 acherunte
1367 1317 1543 1347 Acherunta

798 1372 911 1398 retecto
1083 1368 1194 1394 retecto
1366 1366 1459 1396 rearis

796 1415 852 1445 celi
1082 1413 1145 1442 caeli
1366 1414 1433 1444 coeli

796 1468 876 1495 terra
1081 1465 1160 1492 tetra
1366 1468 1454 1494 taetra

795 1521 896 1546 coorta
1081 1517 1182 1543 coorta
1366 1519 1468 1545 coorta

795 1569 860 1594 ator
1081 1567 1154 1592 atrae
1365 1568 1439 1594 atrae

235 1624 367 1653 supernae
795 1625 922 1655 superne
1080 1623 1206 1652 superne
1365 1623 1491 1652 superne

236 1673 320 1694 nemo
332 1669 380 1694 est
795 1675 880 1695 nemo
893 1672 942 1696 est
1080 1669 1195 1693 nemost
1364 1662 1491 1692 nemo’st

235 1713 356 1742 reddere
795 1713 898 1744 redere
1080 1713 1201 1743 reddere
1364 1710 1485 1741 reddere

235 1773 303 1800 quae
793 1773 850 1802 que
1079 1774 1144 1801 quae
1364 1770 1429 1798 quae

233 1812 380 1842 mobilitas
795 1813 932 1843 nobilitas
1079 1813 1225 1844 mobilitas
1363 1810 1513 1841 mobilitas

234 1861 299 1891 ollis
793 1861 848 1891 olis
1078 1862 1144 1892 ollis
1362 1858 1428 1889 ollis

232 1912 417 1942 tranantibus
793 1913 987 1943 tramantibus
1077 1914 1262 1944 tranantibus
1364 1910 1549 1940 tranantibus

234 1960 363 1990 Reddita
794 1961 904 1992 Redita
1079 1962 1208 1993 Reddita
1364 1957 1493 1988 Reddita

231 2008 313 2038 deest
791 2008 871 2038 deest
1076 2010 1156 2040 deest
1362 2013 1395 2037 ut

231 2060 329 2099 spatio
791 2060 893 2098 spacio
1075 2062 1173 2101 spatio
1360 2061 1460 2100 spatio

231 2115 265 2139 ut
791 2114 823 2138 ut
1076 2116 1109 2141 ut
1360 2110 1441 2140 deest

230 2160 343 2190 feratur
791 2159 902 2189 feratur
1074 2160 1187 2191 feratur
1360 2166 1475 2192 teratur

231 2220 445 2251 quemquaeque
790 2220 993 2251 quemcunque
1074 2223 1280 2253 quaencunque
1360 2221 1562 2250 quemcunque

230 2261 326 2290 tendit
790 2260 886 2290 tendit
1074 2262 1170 2292 tendit
1359 2259 1484 2289 tendunt

233 2308 322 2338 Suavi
335 2309 422 2339 dictis
792 2310 966 2340 Suavidicus
1076 2311 1239 2342 Suavidicis
1361 2310 1526 2340 suavidicis

232 2359 320 2398 cygni
788 2360 867 2400 cigni
1073 2361 1162 2401 cygni
1358 2361 1442 2401 cycni

231 2419 335 2448 gruum
348 2420 435 2448 quam
789 2420 951 2449 gruumque
1073 2421 1178 2450 gruum
1192 2421 1279 2450 quam
1357 2421 1462 2451 gruum
1477 2421 1565 2450 quam

231 2458 368 2488 aethereis
788 2459 898 2488 aeteriis
1074 2461 1187 2490 aeteriis
1358 2461 1491 2490 aetheriis

231 2499 384 2547 dispersus
788 2507 922 2547 disperso
1035 2516 1037 2519 '
1074 2510 1226 2549 dispersus
1357 2509 1510 2548 dispersus

232 2557 348 2587 haustri
789 2558 883 2587 austri
1074 2560 1168 2589 austri
1357 2559 1453 2588 austri

230 2616 365 2646 persaepe
787 2617 911 2647 persepe
1073 2618 1207 2649 persaepe
1356 2619 1487 2649 persaepe

230 2654 303 2684 levis
788 2656 862 2687 levis
1074 2658 1165 2687 leveis
1357 2658 1449 2689 leveis

229 2709 343 2735 stantes
789 2712 904 2737 stantes
1073 2708 1200 2738 stanteis
1354 2709 1452 2740 factas

1354 2759 1477 2789 celereis

1355 2809 1505 2849 genere'st

1355 2859 1431 2894 Quae

1356 2908 1513 2939 truduntur

1074 2757 1195 2787 celereis

1073 2811 1212 2847 generest

1072 2858 1149 2892 Quae

1074 2907 1219 2938 cuduntur

789 2758 894 2787 celeris

789 2817 897 2847 genere
910 2811 957 2837 est

790 2857 856 2890 Que

791 2906 937 2936 cuduntur

863 2967 900 2996 M
921 2978 954 2998 m

228 2755 332 2784 celeris

227 2815 336 2844 genere
349 2808 396 2833 est

226 2854 301 2888 Quae

225 2905 372 2935 cuduntur

230 2966 312 2996 Vos„
331 2967 393 2996 IV.
