1967 3314
589 280 806 331 LIBRI
842 279 1133 330 TERTII.

104 769 1321 779 ————-—.-—-—-——-——-—-———

130 957 185 987 197

132 1057 187 1086 199

130 1108 189 1133 200

131 1207 185 1233 201

131 1454 190 1480 204

132 1504 189 1530 205

133 1649 192 1678 206

135 1701 192 1729 207

135 1750 193 1777 208

136 1850 194 1879 209

137 1949 191 1975 211

136 1998 195 2024 212

137 2149 195 2176 214

137 2249 194 2275 215

139 2395 197 2424 216

139 2447 197 2476 217

140 2547 199 2573 218

141 2597 199 2625 219

141 2646 196 2673 221

140 2696 199 2722 222

141 2794 200 2821 223

141 2893 199 2919 224

241 493 442 515 FERRANDUS.

491 462 613 483 PAULUS
629 465 764 484 FRIDEN-
783 463 981 484 THEODORUS
997 462 1037 481 DE

564 518 698 538 PERGEP..

797 515 963 537 RAGAzoNl
970 515 1033 534 BUS.

1374 437 1416 456 Ex
1425 438 1590 459 TYPOGRA-

1350 491 1425 511 PHIA
1441 491 1621 513 SOCIETATIS

1389 546 1583 566 BIPONTINAE.

207 588 1623 599 -ῂ-ᾘ--ῥρ-Μ--ῄ-

232 902 317 927 extat

234 947 373 988 Namque

233 1010 412 1039 papaverum

234 1049 438 1089 spicarumque

237 1100 331 1130 Nulla

234 1161 287 1190 per
299 1161 387 1190 quam

237 1200 279 1229 Et

236 1251 387 1281 levissima

237 1300 403 1329 mobilitate

235 1348 373 1378 fruuntur

245 1398 354 1426 Versus
366 1397 446 1427 deest

237 1447 375 1486 quoniam

238 1506 290 1536 per
303 1507 391 1535 quam

239 1552 375 1576 constare

240 1606 361 1625 necesse
375 1600 422 1625 est

239 1645 353 1675 levibus

240 1705 258 1724 o

239 1749 385 1785 oportuna

241 1795 351 1824 cluebit

244 1845 312 1874 Hee

241 1893 359 1924 dedicat

242 1943 338 1984 possit

242 1993 328 2023 simul
343 1996 431 2032 atque

241 2043 294 2072 leti

241 2092 307 2132 quis

242 2141 329 2171 Nihil

240 2185 364 2221 libatum

241 2242 371 2282 speciem

242 2291 315 2321 nihil

243 2345 358 2381 prestat

244 2394 352 2430 praeter

245 2451 297 2481 per
309 2440 408 2481 parvis

245 2501 366 2520 necesse
380 2495 427 2520 est

245 2542 345 2570 nixam

247 2591 401 2625 Quatenus

248 2641 417 2670 Incolumen

246 2701 313 2720 cum

246 2751 312 2770 cum

246 2800 353 2820 suaves

246 2838 364 2880 defugit

246 2899 312 2919 cum

246 2949 334 2969 sucus

514 799 565 839 qui

515 849 629 879 levibus

517 904 601 929 extat

520 950 659 988 Namque

523 1009 701 1039 papaverum

520 1049 756 1089 spiculorumque

523 1100 617 1129 Nulla

522 1160 574 1189 per
587 1159 674 1188 quam

524 1199 569 1227 Ee

522 1247 674 1277 levissima

522 1297 686 1327 mobilitate

521 1348 663 1377 fruuntur

522 1407 696 1437 quecunque

523 1446 660 1486 quoniam

523 1508 575 1538 per
589 1508 677 1537 quam

523 1552 664 1577 constans

524 1600 677 1626 necessest

525 1645 638 1675 levibus

526 1707 544 1725 o

525 1749 668 1786 oportune

528 1795 639 1826 eluebit

529 1846 604 1875 Haec

528 1895 647 1925 dedicat

525 1950 627 1986 posset

525 1995 612 2024 simul
623 1999 713 2034 atque

526 2044 578 2073 leti

525 2094 609 2134 quies

527 2143 614 2174 Nihil

526 2195 648 2224 libatum

525 2244 651 2284 spetiem

526 2293 599 2323 nihil

526 2348 651 2383 praestat

527 2397 626 2432 preter

528 2452 580 2481 per
592 2442 691 2481 parvis

530 2501 650 2521 necesse
665 2496 714 2521 est

530 2541 629 2570 vixam

529 2591 686 2625 Quatenus

532 2640 702 2670 Incolumen

531 2701 600 2730 qum

531 2751 600 2779 qum

531 2800 638 2820 suaves

530 2839 652 2880 diffugit

531 2899 599 2928 qum

531 2948 636 2968 succus

800 800 850 839 qui

801 848 915 878 levibus

801 904 887 930 extat

805 950 944 989 Namque

804 1000 960 1040 papaveris

804 1050 1041 1090 spiculorumque

806 1098 901 1128 Nulla

805 1160 858 1188 per
873 1160 962 1188 quam

806 1200 851 1229 Ec

805 1249 955 1279 levissima

805 1298 970 1328 mobilitate

807 1348 947 1377 fruuntur

806 1408 980 1436 quecunque

807 1446 947 1486 quoniam

807 1506 859 1536 per
873 1506 961 1535 quam

806 1550 947 1576 constans

809 1600 961 1625 necessest

809 1646 923 1676 levibus

809 1706 827 1723 Ο

809 1749 952 1784 oportune

809 1794 919 1823 cluebit

814 1844 888 1873 Haec

808 1893 927 1923 dedicat

809 1947 913 1983 posset

807 1993 895 2023 simul
909 1998 999 2033 atque

808 2042 861 2072 leti

808 2092 892 2132 quies

809 2142 896 2171 Nihil

809 2190 932 2220 libatum

808 2241 933 2281 spetiem

808 2290 882 2320 nihil

808 2344 936 2380 praestat

808 2393 922 2428 praeter

809 2449 861 2477 per
874 2437 974 2477 parvis

810 2497 931 2517 necesse
944 2491 992 2517 est

811 2537 909 2567 vixam

811 2586 968 2621 Quatenus

813 2637 850 2666 In
863 2636 997 2666 columen

811 2697 881 2726 qum

812 2749 881 2777 qum

812 2799 920 2818 suaves

812 2837 933 2879 diffugit

813 2898 881 2926 qum

811 2948 918 2968 succus

1084 799 1155 838 quia

1085 848 1198 878 levibus

1086 901 1171 926 extat

1089 947 1219 986 Nanque

1088 997 1245 1037 papaveris

1088 1046 1294 1086 spicarumque

1089 1096 1169 1125 nulla

1091 1156 1218 1185 quaeque

1092 1196 1135 1225 Ut

1092 1245 1242 1276 levissima

1091 1297 1255 1327 mobilitate

1090 1345 1228 1376 fruuntur

1091 1406 1172 1435 quaec
1177 1407 1274 1435 unque

1091 1446 1260 1484 quoniamst

1091 1506 1231 1535 perquam

1091 1550 1228 1575 constare

1092 1600 1245 1625 necessest

1093 1645 1207 1675 levibus

1092 1700 1124 1724 et

1092 1748 1258 1784 opportuna

1093 1793 1203 1823 cluebit

1096 1844 1171 1873 Haec

1093 1894 1211 1923 dedicat

1094 1943 1190 1982 possit

1092 1993 1271 2032 simulatque

1094 2042 1146 2072 leti

1093 2093 1177 2132 quies

1094 2142 1148 2172 Nil

1093 2193 1218 2223 libatum

1093 2243 1221 2283 speciem

1093 2293 1167 2323 nihil

1093 2346 1218 2383 praestat

1092 2396 1203 2431 praeter

1095 2440 1249 2480 perparvis

1095 2492 1246 2519 necessest

1095 2548 1199 2568 nexam

1094 2589 1251 2622 Quatenus

1099 2636 1278 2666 Incolumem

1095 2698 1162 2716 cum

1096 2748 1161 2766 cum

1096 2788 1214 2817 suaveis

1095 2835 1216 2877 diffugit

1096 2898 1162 2916 cum

1097 2947 1202 2967 succus

1369 799 1439 838 quia

1371 849 1496 879 laevibus

1371 904 1472 930 exstat

1372 950 1512 989 Namque

1372 1009 1550 1038 papaverum

1374 1048 1596 1089 Spiclorumque

1376 1098 1406 1127 N
1408 1109 1465 1128 enu

1373 1153 1485 1187 quanto

1376 1198 1418 1226 Et

1374 1247 1535 1276 laevissima

1375 1296 1543 1325 mobilitata

1375 1345 1510 1375 feruntur

1377 1405 1434 1434 quo
1448 1405 1574 1434 quaeque

1376 1444 1557 1483 quoniam'st

1377 1505 1518 1534 perquam

1378 1548 1515 1574 constare

1379 1594 1543 1624 necesse'st

1379 1643 1501 1674 laevibus

1378 1704 1396 1722 ο

1377 1750 1544 1786 opportuna

1384 1795 1494 1825 cluebit

1380 1846 1456 1875 Haec

1378 1895 1526 1935 deliquat-

1379 1946 1475 1985 possit

1377 1995 1465 2025 simul
1481 2000 1572 2035 atque

1377 2045 1451 2075 lethi

1377 2096 1462 2135 quies

1379 2145 1433 2175 Nil

1378 2197 1511 2226 limatum

1378 2245 1506 2285 speciem

1377 2294 1417 2323 nil

1379 2347 1504 2384 praestat

1378 2397 1492 2433 praeter

1380 2442 1532 2482 perparvis

1380 2491 1545 2522 necesse'st

1379 2552 1486 2571 nexam

1379 2591 1531 2626 Quatinus

1380 2639 1559 2670 Incolumem

1379 2701 1445 2720 cum

1379 2750 1445 2769 cum

1379 2790 1480 2820 suavis

1380 2839 1501 2880 diffugit

1381 2899 1447 2919 cum

1382 2949 1487 2968 succus
