<?xml version="1.0" encoding="UTF-8"?>
<!DOCTYPE html PUBLIC "-//W3C//DTD XHTML 1.0 Transitional//EN"
    "http://www.w3.org/TR/xhtml1/DTD/xhtml1-transitional.dtd">
<html xmlns="http://www.w3.org/1999/xhtml" xml:lang="en" lang="en">
 <head>
  <title>
</title>
<meta http-equiv="Content-Type" content="text/html;charset=utf-8" />
  <meta name='ocr-system' content='tesseract 3.04.00' />
  <meta name='ocr-capabilities' content='ocr_page ocr_carea ocr_par ocr_line ocrx_word'/>
</head>
<body>
  <div class='ocr_page' id='page_1' title='image "./tlucretiicarider04lucruoft_0289.png"; bbox 0 0 1967 3314; ppageno 0'>
   <div class='ocr_carea' id='block_1_1' title="bbox 502 411 1043 433">
    <p class='ocr_par' dir='ltr' id='par_1_1' title="bbox 502 411 1043 433">
     <span class='ocr_line' id='line_1_1' title="bbox 502 411 1043 433; baseline 0.002 -3"><span class='ocrx_word' id='word_1_1' title='bbox 502 412 623 433; x_wconf 81' lang='lat' dir='ltr'><strong>PAULUS</strong></span> <span class='ocrx_word' id='word_1_2' title='bbox 638 413 772 433; x_wconf 74' lang='lat' dir='ltr'>FRIDEN-</span> <span class='ocrx_word' id='word_1_3' title='bbox 797 412 988 432; x_wconf 72' lang='lat' dir='ltr'>THEODORUS</span> <span class='ocrx_word' id='word_1_4' title='bbox 1002 411 1043 431; x_wconf 80' lang='lat' dir='ltr'>DE</span> 
     </span>
    </p>
   </div>
   <div class='ocr_carea' id='block_1_2' title="bbox 252 443 455 465">
    <p class='ocr_par' dir='ltr' id='par_1_2' title="bbox 252 443 455 465">
     <span class='ocr_line' id='line_1_2' title="bbox 252 443 455 465; baseline -0.015 0"><span class='ocrx_word' id='word_1_5' title='bbox 252 443 455 465; x_wconf 69' lang='lat' dir='ltr'><strong>FERRANDUS.</strong></span> 
     </span>
    </p>
   </div>
   <div class='ocr_carea' id='block_1_3' title="bbox 216 498 504 610">
    <p class='ocr_par' dir='ltr' id='par_1_3' title="bbox 216 498 504 610">
     <span class='ocr_line' id='line_1_3' title="bbox 216 498 504 610; baseline 0 0"><span class='ocrx_word' id='word_1_6' title='bbox 216 498 504 610; x_wconf 95' lang='lat' dir='ltr'>   </span> 
     </span>
    </p>
   </div>
   <div class='ocr_carea' id='block_1_4' title="bbox 287 565 419 595">
    <p class='ocr_par' dir='ltr' id='par_1_4' title="bbox 287 565 419 595">
     <span class='ocr_line' id='line_1_4' title="bbox 287 565 419 595; baseline 0 -1"><span class='ocrx_word' id='word_1_7' title='bbox 287 565 419 595; x_wconf 67' lang='lat' dir='ltr'>Brixiae.</span> 
     </span>
    </p>
   </div>
   <div class='ocr_carea' id='block_1_5' title="bbox 489 616 1060 703">
    <p class='ocr_par' dir='ltr' id='par_1_5' title="bbox 489 616 1060 703">
     <span class='ocr_line' id='line_1_5' title="bbox 489 616 1060 703; baseline 0 -58"><span class='ocrx_word' id='word_1_8' title='bbox 489 616 1060 703; x_wconf 95' lang='lat' dir='ltr'>  </span> 
     </span>
    </p>
   </div>
   <div class='ocr_carea' id='block_1_6' title="bbox 239 655 446 786">
    <p class='ocr_par' dir='ltr' id='par_1_6' title="bbox 239 655 446 786">
     <span class='ocr_line' id='line_1_6' title="bbox 260 655 446 685; baseline -0.005 -1"><span class='ocrx_word' id='word_1_9' title='bbox 260 655 333 684; x_wconf 81' lang='lat' dir='ltr'>Sine</span> <span class='ocrx_word' id='word_1_10' title='bbox 345 656 375 685; x_wconf 85' lang='lat' dir='ltr'><em>A</em></span> <span class='ocrx_word' id='word_1_11' title='bbox 379 666 446 685; x_wconf 84' lang='lat' dir='ltr'>nno.</span> 
     </span>
     <span class='ocr_line' id='line_1_7' title="bbox 239 747 289 786; baseline 0 -10"><span class='ocrx_word' id='word_1_12' title='bbox 239 747 289 786; x_wconf 91' lang='lat' dir='ltr'>qui</span> 
     </span>
    </p>
   </div>
   <div class='ocr_carea' id='block_1_7' title="bbox 241 856 469 1324">
    <p class='ocr_par' dir='ltr' id='par_1_7' title="bbox 241 856 398 1135">
     <span class='ocr_line' id='line_1_8' title="bbox 241 856 379 886; baseline -0.007 -10"><span class='ocrx_word' id='word_1_13' title='bbox 241 856 379 886; x_wconf 82' lang='lat' dir='ltr'>superare</span> 
     </span>
     <span class='ocr_line' id='line_1_9' title="bbox 242 896 362 925; baseline 0 0"><span class='ocrx_word' id='word_1_14' title='bbox 242 896 362 925; x_wconf 84' lang='lat' dir='ltr'>lacunas</span> 
     </span>
     <span class='ocr_line' id='line_1_10' title="bbox 242 946 398 975; baseline 0 0"><span class='ocrx_word' id='word_1_15' title='bbox 242 946 398 975; x_wconf 76' lang='lat' dir='ltr'>contemsit</span> 
     </span>
     <span class='ocr_line' id='line_1_11' title="bbox 242 994 325 1034; baseline 0.012 -10"><span class='ocrx_word' id='word_1_16' title='bbox 242 994 325 1034; x_wconf 85' lang='lat' dir='ltr'>equis</span> 
     </span>
     <span class='ocr_line' id='line_1_12' title="bbox 242 1057 389 1076; baseline 0.007 -1"><span class='ocrx_word' id='word_1_17' title='bbox 242 1057 389 1076; x_wconf 84' lang='lat' dir='ltr'>murmura</span> 
     </span>
     <span class='ocr_line' id='line_1_13' title="bbox 241 1095 379 1135; baseline 0.014 -11"><span class='ocrx_word' id='word_1_18' title='bbox 241 1095 379 1135; x_wconf 86' lang='lat' dir='ltr'>adempto</span> 
     </span>
    </p>

    <p class='ocr_par' dir='ltr' id='par_1_8' title="bbox 241 1144 320 1185">
     <span class='ocr_line' id='line_1_14' title="bbox 241 1144 320 1185; baseline 0.013 -12"><span class='ocrx_word' id='word_1_19' title='bbox 241 1144 320 1185; x_wconf 77' lang='lat' dir='ltr'>fugit</span> 
     </span>
    </p>

    <p class='ocr_par' dir='ltr' id='par_1_9' title="bbox 241 1195 469 1324">
     <span class='ocr_line' id='line_1_15' title="bbox 242 1195 358 1224; baseline 0.017 -2"><span class='ocrx_word' id='word_1_20' title='bbox 242 1195 358 1224; x_wconf 90' lang='lat' dir='ltr'>infimus</span> 
     </span>
     <span class='ocr_line' id='line_1_16' title="bbox 244 1244 469 1274; baseline 0.004 -1"><span class='ocrx_word' id='word_1_21' title='bbox 244 1244 469 1274; x_wconf 83' lang='lat' dir='ltr'>Heliconiadum</span> 
     </span>
     <span class='ocr_line' id='line_1_17' title="bbox 241 1294 363 1324; baseline 0.016 -2"><span class='ocrx_word' id='word_1_22' title='bbox 241 1294 363 1324; x_wconf 83' lang='lat' dir='ltr'><strong>comites</strong></span> 
     </span>
    </p>
   </div>
   <div class='ocr_carea' id='block_1_8' title="bbox 121 1098 196 1127">
    <p class='ocr_par' dir='ltr' id='par_1_10' title="bbox 121 1098 196 1127">
     <span class='ocr_line' id='line_1_18' title="bbox 121 1098 196 1127; baseline 0.013 -1"><span class='ocrx_word' id='word_1_23' title='bbox 121 1098 196 1127; x_wconf 82' lang='lat'>1046</span> 
     </span>
    </p>
   </div>
   <div class='ocr_carea' id='block_1_9' title="bbox 120 1200 413 1671">
    <p class='ocr_par' dir='ltr' id='par_1_11' title="bbox 120 1200 413 1671">
     <span class='ocr_line' id='line_1_19' title="bbox 121 1200 195 1225; baseline 0.014 -1"><span class='ocrx_word' id='word_1_24' title='bbox 121 1200 195 1225; x_wconf 82' lang='lat'>1048</span> 
     </span>
     <span class='ocr_line' id='line_1_20' title="bbox 120 1249 195 1274; baseline 0.013 -1"><span class='ocrx_word' id='word_1_25' title='bbox 120 1249 195 1274; x_wconf 87' lang='grc'>1050</span> 
     </span>
     <span class='ocr_line' id='line_1_21' title="bbox 120 1343 366 1382; baseline -0.004 -9"><span class='ocrx_word' id='word_1_26' title='bbox 120 1347 191 1373; x_wconf 87' lang='grc'>1051</span> <span class='ocrx_word' id='word_1_27' title='bbox 243 1343 366 1382; x_wconf 86' lang='lat' dir='ltr'><strong>Sceptra</strong></span> 
     </span>
     <span class='ocr_line' id='line_1_22' title="bbox 242 1393 354 1432; baseline 0 -10"><span class='ocrx_word' id='word_1_28' title='bbox 242 1393 354 1432; x_wconf 86' lang='lat' dir='ltr'>potitus</span> 
     </span>
     <span class='ocr_line' id='line_1_23' title="bbox 240 1443 413 1483; baseline 0 -11"><span class='ocrx_word' id='word_1_29' title='bbox 240 1443 413 1483; x_wconf 81' lang='lat' dir='ltr'>sopitusque</span> 
     </span>
     <span class='ocr_line' id='line_1_24' title="bbox 241 1494 400 1533; baseline 0.006 -10"><span class='ocrx_word' id='word_1_30' title='bbox 241 1494 339 1533; x_wconf 89' lang='lat' dir='ltr'>quiete</span> <span class='ocrx_word' id='word_1_31' title='bbox 352 1499 400 1524; x_wconf 84' lang='lat' dir='ltr'>est</span> 
     </span>
     <span class='ocr_line' id='line_1_25' title="bbox 241 1544 341 1574; baseline 0.01 -1"><span class='ocrx_word' id='word_1_32' title='bbox 241 1544 341 1574; x_wconf 78' lang='lat' dir='ltr'>nativa</span> 
     </span>
     <span class='ocr_line' id='line_1_26' title="bbox 242 1603 383 1623; baseline 0.007 -1"><span class='ocrx_word' id='word_1_33' title='bbox 242 1603 383 1623; x_wconf 82' lang='lat' dir='ltr'>memores</span> 
     </span>
     <span class='ocr_line' id='line_1_27' title="bbox 243 1642 303 1671; baseline 0 0"><span class='ocrx_word' id='word_1_34' title='bbox 243 1642 303 1671; x_wconf 87' lang='lat' dir='ltr'>leto</span> 
     </span>
    </p>
   </div>
   <div class='ocr_carea' id='block_1_10' title="bbox 121 1544 412 1972">
    <p class='ocr_par' dir='ltr' id='par_1_12' title="bbox 121 1544 412 1972">
     <span class='ocr_line' id='line_1_28' title="bbox 121 1544 195 1571; baseline 0.014 -1"><span class='ocrx_word' id='word_1_35' title='bbox 121 1544 195 1571; x_wconf 75' lang='lat'>1052</span> 
     </span>
     <span class='ocr_line' id='line_1_29' title="bbox 121 1593 195 1619; baseline 0 0"><span class='ocrx_word' id='word_1_36' title='bbox 121 1593 195 1619; x_wconf 83' lang='lat'>1053</span> 
     </span>
     <span class='ocr_line' id='line_1_30' title="bbox 122 1643 196 1669; baseline 0.014 -1"><span class='ocrx_word' id='word_1_37' title='bbox 122 1643 196 1669; x_wconf 76' lang='lat'>1054</span> 
     </span>
     <span class='ocr_line' id='line_1_31' title="bbox 122 1693 388 1733; baseline 0.008 -11"><span class='ocrx_word' id='word_1_38' title='bbox 122 1693 196 1719; x_wconf 85' lang='grc'>1055</span> <span class='ocrx_word' id='word_1_39' title='bbox 229 1702 237 1718; x_wconf 65' lang='lat' dir='ltr'>t</span> <span class='ocrx_word' id='word_1_40' title='bbox 243 1703 388 1733; x_wconf 82' lang='lat' dir='ltr'>epycurus</span> 
     </span>
     <span class='ocr_line' id='line_1_32' title="bbox 244 1742 316 1772; baseline 0.014 -1"><span class='ocrx_word' id='word_1_41' title='bbox 244 1742 289 1771; x_wconf 85' lang='lat' dir='ltr'>obi</span> <span class='ocrx_word' id='word_1_42' title='bbox 294 1742 316 1772; x_wconf 86' lang='lat' dir='ltr'>it</span> 
     </span>
     <span class='ocr_line' id='line_1_33' title="bbox 243 1791 367 1822; baseline 0.016 -2"><span class='ocrx_word' id='word_1_43' title='bbox 243 1791 367 1822; x_wconf 87' lang='lat' dir='ltr'>decurso</span> 
     </span>
     <span class='ocr_line' id='line_1_34' title="bbox 242 1841 377 1882; baseline 0.015 -12"><span class='ocrx_word' id='word_1_44' title='bbox 242 1841 377 1882; x_wconf 88' lang='lat' dir='ltr'>ingenios</span> 
     </span>
     <span class='ocr_line' id='line_1_35' title="bbox 242 1892 336 1922; baseline 0.011 -1"><span class='ocrx_word' id='word_1_45' title='bbox 242 1892 336 1922; x_wconf 87' lang='lat' dir='ltr'>omnis</span> 
     </span>
     <span class='ocr_line' id='line_1_36' title="bbox 243 1941 412 1972; baseline 0.012 -2"><span class='ocrx_word' id='word_1_46' title='bbox 243 1941 412 1972; x_wconf 85' lang='lat' dir='ltr'>Restrinxit</span> 
     </span>
    </p>
   </div>
   <div class='ocr_carea' id='block_1_11' title="bbox 121 1838 196 1867">
    <p class='ocr_par' dir='ltr' id='par_1_13' title="bbox 121 1838 196 1867">
     <span class='ocr_line' id='line_1_37' title="bbox 121 1838 196 1867; baseline 0 -1"><span class='ocrx_word' id='word_1_47' title='bbox 121 1840 134 1866; x_wconf 95' lang='lat'>1</span> <span class='ocrx_word' id='word_1_48' title='bbox 139 1838 196 1867; x_wconf 90' lang='grc'>056</span> 
     </span>
    </p>
   </div>
   <div class='ocr_carea' id='block_1_12' title="bbox 120 1940 194 1970">
    <p class='ocr_par' dir='ltr' id='par_1_14' title="bbox 120 1940 194 1970">
     <span class='ocr_line' id='line_1_38' title="bbox 120 1940 194 1970; baseline 0.014 -5"><span class='ocrx_word' id='word_1_49' title='bbox 120 1940 194 1970; x_wconf 89' lang='grc'>1057</span> 
     </span>
    </p>
   </div>
   <div class='ocr_carea' id='block_1_13' title="bbox 120 2091 196 2315">
    <p class='ocr_par' dir='ltr' id='par_1_15' title="bbox 120 2091 196 2315">
     <span class='ocr_line' id='line_1_39' title="bbox 120 2091 195 2120; baseline 0.053 -4"><span class='ocrx_word' id='word_1_50' title='bbox 120 2091 195 2120; x_wconf 88' lang='grc'>1059</span> 
     </span>
     <span class='ocr_line' id='line_1_40' title="bbox 120 2138 192 2166; baseline 0 0"><span class='ocrx_word' id='word_1_51' title='bbox 120 2138 192 2166; x_wconf 87' lang='grc'>1061</span> 
     </span>
     <span class='ocr_line' id='line_1_41' title="bbox 120 2188 195 2216; baseline 0.027 -2"><span class='ocrx_word' id='word_1_52' title='bbox 120 2188 195 2216; x_wconf 81' lang='grc'>1063</span> 
     </span>
     <span class='ocr_line' id='line_1_42' title="bbox 122 2237 196 2265; baseline 0.014 -1"><span class='ocrx_word' id='word_1_53' title='bbox 122 2237 196 2265; x_wconf 77' lang='lat'>1064</span> 
     </span>
     <span class='ocr_line' id='line_1_43' title="bbox 122 2287 195 2315; baseline 0 -1"><span class='ocrx_word' id='word_1_54' title='bbox 122 2287 195 2315; x_wconf 84' lang='lat'>1065</span> 
     </span>
    </p>
   </div>
   <div class='ocr_carea' id='block_1_14' title="bbox 243 2389 380 2517">
    <p class='ocr_par' dir='ltr' id='par_1_16' title="bbox 243 2389 380 2517">
     <span class='ocr_line' id='line_1_44' title="bbox 244 2389 362 2429; baseline 0.008 -11"><span class='ocrx_word' id='word_1_55' title='bbox 244 2389 362 2429; x_wconf 86' lang='lat' dir='ltr'>vagaris</span> 
     </span>
     <span class='ocr_line' id='line_1_45' title="bbox 244 2438 380 2468; baseline 0.007 -1"><span class='ocrx_word' id='word_1_56' title='bbox 244 2438 380 2468; x_wconf 85' lang='lat' dir='ltr'>videntur</span> 
     </span>
     <span class='ocr_line' id='line_1_46' title="bbox 243 2487 354 2517; baseline 0.009 -1"><span class='ocrx_word' id='word_1_57' title='bbox 243 2487 274 2516; x_wconf 91' lang='lat' dir='ltr'>in</span> <span class='ocrx_word' id='word_1_58' title='bbox 287 2497 354 2517; x_wconf 83' lang='lat' dir='ltr'>esse</span> 
     </span>
    </p>
   </div>
   <div class='ocr_carea' id='block_1_15' title="bbox 121 2436 499 2916">
    <p class='ocr_par' dir='ltr' id='par_1_17' title="bbox 121 2436 499 2916">
     <span class='ocr_line' id='line_1_47' title="bbox 121 2436 196 2465; baseline 0.013 -1"><span class='ocrx_word' id='word_1_59' title='bbox 121 2436 196 2465; x_wconf 88' lang='grc'>1066</span> 
     </span>
     <span class='ocr_line' id='line_1_48' title="bbox 122 2487 196 2518; baseline 0 -4"><span class='ocrx_word' id='word_1_60' title='bbox 122 2487 196 2518; x_wconf 89' lang='grc'>1067</span> 
     </span>
     <span class='ocr_line' id='line_1_49' title="bbox 122 2536 196 2564; baseline 0 0"><span class='ocrx_word' id='word_1_61' title='bbox 122 2536 196 2564; x_wconf 86' lang='grc'>1068</span> 
     </span>
     <span class='ocr_line' id='line_1_50' title="bbox 244 2597 499 2626; baseline 0.004 -10"><span class='ocrx_word' id='word_1_62' title='bbox 244 2597 360 2626; x_wconf 88' lang='lat' dir='ltr'>quoque</span> <span class='ocrx_word' id='word_1_63' title='bbox 379 2597 499 2617; x_wconf 87' lang='lat' dir='ltr'>noscere</span> 
     </span>
     <span class='ocr_line' id='line_1_51' title="bbox 123 2635 197 2667; baseline 0.054 -4"><span class='ocrx_word' id='word_1_64' title='bbox 123 2635 197 2667; x_wconf 81' lang='lat'>1069</span> 
     </span>
     <span class='ocr_line' id='line_1_52' title="bbox 122 2687 198 2717; baseline 0.013 -5"><span class='ocrx_word' id='word_1_65' title='bbox 122 2687 198 2717; x_wconf 86' lang='lat'>1070</span> 
     </span>
     <span class='ocr_line' id='line_1_53' title="bbox 244 2736 413 2777; baseline 0 -12"><span class='ocrx_word' id='word_1_66' title='bbox 244 2736 413 2777; x_wconf 84' lang='lat' dir='ltr'>plerumque</span> 
     </span>
     <span class='ocr_line' id='line_1_54' title="bbox 244 2797 367 2826; baseline -0.008 -10"><span class='ocrx_word' id='word_1_67' title='bbox 244 2797 367 2826; x_wconf 69' lang='lat' dir='ltr'>querere</span> 
     </span>
     <span class='ocr_line' id='line_1_55' title="bbox 244 2836 390 2876; baseline 0.007 -11"><span class='ocrx_word' id='word_1_68' title='bbox 244 2836 390 2876; x_wconf 83' lang='lat' dir='ltr'>deponere</span> 
     </span>
     <span class='ocr_line' id='line_1_56' title="bbox 244 2886 329 2916; baseline 0.012 -1"><span class='ocrx_word' id='word_1_69' title='bbox 244 2886 329 2916; x_wconf 85' lang='lat' dir='ltr'>Exiit</span> 
     </span>
    </p>
   </div>
   <div class='ocr_carea' id='block_1_16' title="bbox 123 2786 196 2915">
    <p class='ocr_par' dir='ltr' id='par_1_18' title="bbox 123 2786 196 2915">
     <span class='ocr_line' id='line_1_57' title="bbox 125 2786 194 2816; baseline 0.029 -6"><span class='ocrx_word' id='word_1_70' title='bbox 125 2786 194 2816; x_wconf 85' lang='lat'>1071</span> 
     </span>
     <span class='ocr_line' id='line_1_58' title="bbox 124 2835 196 2864; baseline 0.028 -4"><span class='ocrx_word' id='word_1_71' title='bbox 124 2835 196 2864; x_wconf 76' lang='lat'>1072</span> 
     </span>
     <span class='ocr_line' id='line_1_59' title="bbox 123 2885 195 2915; baseline -0.028 0"><span class='ocrx_word' id='word_1_72' title='bbox 123 2885 195 2915; x_wconf 84' lang='grc'>1073</span> 
     </span>
    </p>
   </div>
   <div class='ocr_carea' id='block_1_17' title="bbox 598 230 1148 280">
    <p class='ocr_par' dir='ltr' id='par_1_19' title="bbox 598 230 1148 280">
     <span class='ocr_line' id='line_1_60' title="bbox 598 230 1148 280; baseline -0.004 0"><span class='ocrx_word' id='word_1_73' title='bbox 598 230 812 280; x_wconf 84' lang='lat' dir='ltr'>LIBRI</span> <span class='ocrx_word' id='word_1_74' title='bbox 859 230 1148 278; x_wconf 87' lang='lat' dir='ltr'><strong>TERTII.</strong></span> 
     </span>
    </p>
   </div>
   <div class='ocr_carea' id='block_1_18' title="bbox 1059 369 1065 533">
    <p class='ocr_par' dir='ltr' id='par_1_20' title="bbox 1059 369 1065 533">
     <span class='ocr_line' id='line_1_61' title="bbox 1059 369 1065 533; baseline 0 2781"><span class='ocrx_word' id='word_1_75' title='bbox 1059 369 1065 533; x_wconf 95' lang='lat' dir='ltr'> </span> 
     </span>
    </p>
   </div>
   <div class='ocr_carea' id='block_1_19' title="bbox 1066 616 1072 645">
    <p class='ocr_par' dir='ltr' id='par_1_21' title="bbox 1066 616 1072 645">
     <span class='ocr_line' id='line_1_62' title="bbox 1066 616 1072 645; baseline 0 2669"><span class='ocrx_word' id='word_1_76' title='bbox 1066 616 1072 645; x_wconf 95' lang='lat' dir='ltr'> </span> 
     </span>
    </p>
   </div>
   <div class='ocr_carea' id='block_1_20' title="bbox 489 703 1073 783">
    <p class='ocr_par' dir='ltr' id='par_1_22' title="bbox 489 703 1073 783">
     <span class='ocr_line' id='line_1_63' title="bbox 489 703 1073 783; baseline 0 0"><span class='ocrx_word' id='word_1_77' title='bbox 489 703 1073 783; x_wconf 95' lang='lat' dir='ltr'>   </span> 
     </span>
    </p>
   </div>
   <div class='ocr_carea' id='block_1_21' title="bbox 685 647 884 701">
    <p class='ocr_par' dir='ltr' id='par_1_23' title="bbox 685 647 884 701">
     <span class='ocr_line' id='line_1_64' title="bbox 685 647 884 701; baseline 0 2613"><span class='ocrx_word' id='word_1_78' title='bbox 685 647 884 701; x_wconf 95' lang='lat' dir='ltr'> </span> 
     </span>
    </p>
   </div>
   <div class='ocr_carea' id='block_1_22' title="bbox 857 728 1076 1551">
    <p class='ocr_par' dir='ltr' id='par_1_24' title="bbox 857 728 1076 1551">
     <span class='ocr_line' id='line_1_65' title="bbox 857 728 1076 903; baseline 0 -59"><span class='ocrx_word' id='word_1_79' title='bbox 857 728 1076 903; x_wconf 95' lang='lat' dir='ltr'>      </span> 
     </span>
     <span class='ocr_line' id='line_1_66' title="bbox 1057 903 1076 941; baseline 0 2373"><span class='ocrx_word' id='word_1_80' title='bbox 1057 903 1076 941; x_wconf 95' lang='lat' dir='ltr'> </span> 
     </span>
     <span class='ocr_line' id='line_1_67' title="bbox 1057 941 1076 1086; baseline 0 -32"><span class='ocrx_word' id='word_1_81' title='bbox 1057 941 1076 1086; x_wconf 95' lang='lat' dir='ltr'>    </span> 
     </span>
     <span class='ocr_line' id='line_1_68' title="bbox 1057 1086 1076 1239; baseline 0 -34"><span class='ocrx_word' id='word_1_82' title='bbox 1057 1086 1076 1239; x_wconf 95' lang='lat' dir='ltr'>   </span> 
     </span>
     <span class='ocr_line' id='line_1_69' title="bbox 1057 1239 1076 1288; baseline 0 -35"><span class='ocrx_word' id='word_1_83' title='bbox 1057 1239 1076 1288; x_wconf 95' lang='lat' dir='ltr'>  </span> 
     </span>
     <span class='ocr_line' id='line_1_70' title="bbox 1057 1288 1076 1451; baseline 0 -49"><span class='ocrx_word' id='word_1_84' title='bbox 1057 1288 1076 1451; x_wconf 95' lang='lat' dir='ltr'>   </span> 
     </span>
     <span class='ocr_line' id='line_1_71' title="bbox 1057 1451 1076 1551; baseline 0 -1"><span class='ocrx_word' id='word_1_85' title='bbox 1057 1451 1076 1551; x_wconf 95' lang='lat' dir='ltr'>   </span> 
     </span>
    </p>
   </div>
   <div class='ocr_carea' id='block_1_23' title="bbox 492 1551 1076 1594">
    <p class='ocr_par' dir='ltr' id='par_1_25' title="bbox 492 1551 1076 1594">
     <span class='ocr_line' id='line_1_72' title="bbox 492 1551 1076 1594; baseline 0 -7"><span class='ocrx_word' id='word_1_86' title='bbox 492 1551 1076 1594; x_wconf 95' lang='lat' dir='ltr'>  </span> 
     </span>
    </p>
   </div>
   <div class='ocr_carea' id='block_1_24' title="bbox 1057 1594 1078 2839">
    <p class='ocr_par' dir='ltr' id='par_1_26' title="bbox 1057 1594 1078 2839">
     <span class='ocr_line' id='line_1_73' title="bbox 1057 1594 1076 1727; baseline 0 -41"><span class='ocrx_word' id='word_1_87' title='bbox 1057 1594 1076 1727; x_wconf 95' lang='lat' dir='ltr'>    </span> 
     </span>
     <span class='ocr_line' id='line_1_74' title="bbox 1057 1727 1076 1836; baseline 0 -1"><span class='ocrx_word' id='word_1_88' title='bbox 1057 1727 1076 1836; x_wconf 95' lang='lat' dir='ltr'>   </span> 
     </span>
     <span class='ocr_line' id='line_1_75' title="bbox 1057 1836 1076 1936; baseline 0 -1"><span class='ocrx_word' id='word_1_89' title='bbox 1057 1836 1076 1936; x_wconf 95' lang='lat' dir='ltr'>   </span> 
     </span>
     <span class='ocr_line' id='line_1_76' title="bbox 1057 1936 1076 2032; baseline 0 -47"><span class='ocrx_word' id='word_1_90' title='bbox 1057 1936 1076 2032; x_wconf 95' lang='lat' dir='ltr'>   </span> 
     </span>
     <span class='ocr_line' id='line_1_77' title="bbox 1057 2032 1076 2132; baseline 0 0"><span class='ocrx_word' id='word_1_91' title='bbox 1057 2032 1076 2132; x_wconf 95' lang='lat' dir='ltr'>  </span> 
     </span>
     <span class='ocr_line' id='line_1_78' title="bbox 1057 2132 1076 2335; baseline 0 -50"><span class='ocrx_word' id='word_1_92' title='bbox 1057 2132 1076 2335; x_wconf 95' lang='lat' dir='ltr'>     </span> 
     </span>
     <span class='ocr_line' id='line_1_79' title="bbox 1057 2335 1076 2386; baseline 0 -1"><span class='ocrx_word' id='word_1_93' title='bbox 1057 2335 1076 2386; x_wconf 95' lang='lat' dir='ltr'>  </span> 
     </span>
     <span class='ocr_line' id='line_1_80' title="bbox 1057 2386 1076 2533; baseline 0 -50"><span class='ocrx_word' id='word_1_94' title='bbox 1057 2386 1076 2533; x_wconf 95' lang='lat' dir='ltr'>     </span> 
     </span>
     <span class='ocr_line' id='line_1_81' title="bbox 1057 2533 1078 2640; baseline 0 -61"><span class='ocrx_word' id='word_1_95' title='bbox 1057 2533 1078 2640; x_wconf 95' lang='lat' dir='ltr'>     </span> 
     </span>
     <span class='ocr_line' id='line_1_82' title="bbox 1062 2640 1078 2730; baseline 0 -1"><span class='ocrx_word' id='word_1_96' title='bbox 1062 2640 1078 2730; x_wconf 95' lang='lat' dir='ltr'>    </span> 
     </span>
     <span class='ocr_line' id='line_1_83' title="bbox 1062 2730 1078 2839; baseline 0 -1"><span class='ocrx_word' id='word_1_97' title='bbox 1062 2730 1078 2839; x_wconf 95' lang='lat' dir='ltr'>    </span> 
     </span>
    </p>
   </div>
   <div class='ocr_carea' id='block_1_25' title="bbox 522 444 1321 2917">
    <p class='ocr_par' dir='ltr' id='par_1_27' title="bbox 522 444 1321 2917">
     <span class='ocr_line' id='line_1_84' title="bbox 566 444 1256 488; baseline 0 -2"><span class='ocrx_word' id='word_1_98' title='bbox 566 467 703 488; x_wconf 77' lang='lat' dir='ltr'>PERGER.</span> <span class='ocrx_word' id='word_1_99' title='bbox 804 466 1038 486; x_wconf 76' lang='lat' dir='ltr'>nAGAzomnus.</span> <span class='ocrx_word' id='word_1_100' title='bbox 1144 444 1256 466; x_wconf 63' lang='lat' dir='ltr'><strong>AI‘DUS&#39;</strong></span> 
     </span>
     <span class='ocr_line' id='line_1_85' title="bbox 566 552 1276 614; baseline 0.008 -19"><span class='ocrx_word' id='word_1_101' title='bbox 566 570 696 601; x_wconf 67' lang='lat' dir='ltr'>Veronoe,</span> <span class='ocrx_word' id='word_1_102' title='bbox 850 568 987 598; x_wconf 65' lang='lat' dir='ltr'>Vnnetiis.</span> <span class='ocrx_word' id='word_1_103' title='bbox 1060 552 1066 614; x_wconf 60' lang='lat' dir='ltr'>l</span> <span class='ocrx_word' id='word_1_104' title='bbox 1138 570 1276 602; x_wconf 70' lang='lat' dir='ltr'>Venetiis.</span> 
     </span>
     <span class='ocr_line' id='line_1_86' title="bbox 599 659 1247 689; baseline 0.003 -2"><span class='ocrx_word' id='word_1_105' title='bbox 599 661 685 689; x_wconf 77' lang='lat'>1486.</span> <span class='ocrx_word' id='word_1_106' title='bbox 884 659 967 687; x_wconf 81' lang='lat'>1495.</span> <span class='ocrx_word' id='word_1_107' title='bbox 1164 663 1247 689; x_wconf 84' lang='lat'>1500.</span> 
     </span>
     <span class='ocr_line' id='line_1_87' title="bbox 523 747 1141 788; baseline 0 -10"><span class='ocrx_word' id='word_1_108' title='bbox 523 760 580 788; x_wconf 89' lang='lat' dir='ltr'>que</span> <span class='ocrx_word' id='word_1_109' title='bbox 807 747 857 786; x_wconf 87' lang='lat' dir='ltr'>qui</span> <span class='ocrx_word' id='word_1_110' title='bbox 1090 748 1141 787; x_wconf 85' lang='lat' dir='ltr'>qui</span> 
     </span>
     <span class='ocr_line' id='line_1_88' title="bbox 522 797 1132 828; baseline -0.002 0"><span class='ocrx_word' id='word_1_111' title='bbox 522 798 581 828; x_wconf 79' lang='lat' dir='ltr'>iter</span> <span class='ocrx_word' id='word_1_112' title='bbox 806 797 850 826; x_wconf 92' lang='lat' dir='ltr'>ire</span> <span class='ocrx_word' id='word_1_113' title='bbox 1090 798 1132 827; x_wconf 85' lang='lat' dir='ltr'>ire</span> 
     </span>
     <span class='ocr_line' id='line_1_89' title="bbox 523 858 1229 889; baseline 0 -11"><span class='ocrx_word' id='word_1_114' title='bbox 523 860 662 889; x_wconf 69' lang='lat' dir='ltr'>superare</span> <span class='ocrx_word' id='word_1_115' title='bbox 806 858 947 888; x_wconf 76' lang='lat' dir='ltr'>superare</span> <span class='ocrx_word' id='word_1_116' title='bbox 1090 859 1229 888; x_wconf 81' lang='lat' dir='ltr'>superare</span> 
     </span>
     <span class='ocr_line' id='line_1_90' title="bbox 525 896 1210 928; baseline 0.001 -1"><span class='ocrx_word' id='word_1_117' title='bbox 525 898 646 927; x_wconf 66' lang='lat' dir='ltr'>lucanas</span> <span class='ocrx_word' id='word_1_118' title='bbox 807 896 928 925; x_wconf 81' lang='lat' dir='ltr'>lucanas</span> <span class='ocrx_word' id='word_1_119' title='bbox 1090 897 1210 928; x_wconf 84' lang='lat' dir='ltr'>lacunas</span> 
     </span>
     <span class='ocr_line' id='line_1_91' title="bbox 524 946 1267 987; baseline 0 -11"><span class='ocrx_word' id='word_1_120' title='bbox 524 947 654 977; x_wconf 80' lang='lat' dir='ltr'>contusit</span> <span class='ocrx_word' id='word_1_121' title='bbox 807 946 937 975; x_wconf 68' lang='lat' dir='ltr'>conlusit</span> <span class='ocrx_word' id='word_1_122' title='bbox 1090 947 1267 987; x_wconf 84' lang='lat' dir='ltr'>contempsit</span> 
     </span>
     <span class='ocr_line' id='line_1_92' title="bbox 525 996 1173 1036; baseline 0 -11"><span class='ocrx_word' id='word_1_123' title='bbox 525 996 608 1035; x_wconf 88' lang='lat' dir='ltr'>equis</span> <span class='ocrx_word' id='word_1_124' title='bbox 808 996 891 1034; x_wconf 83' lang='lat' dir='ltr'>equis</span> <span class='ocrx_word' id='word_1_125' title='bbox 1089 996 1173 1036; x_wconf 80' lang='lat' dir='ltr'>equis</span> 
     </span>
     <span class='ocr_line' id='line_1_93' title="bbox 525 1055 1238 1076; baseline -0.001 -1"><span class='ocrx_word' id='word_1_126' title='bbox 525 1057 672 1076; x_wconf 80' lang='lat' dir='ltr'>murmura</span> <span class='ocrx_word' id='word_1_127' title='bbox 809 1056 953 1076; x_wconf 86' lang='lat' dir='ltr'>marmora</span> <span class='ocrx_word' id='word_1_128' title='bbox 1090 1055 1238 1074; x_wconf 83' lang='lat' dir='ltr'>murmura</span> 
     </span>
     <span class='ocr_line' id='line_1_94' title="bbox 526 1095 1228 1137; baseline 0.003 -13"><span class='ocrx_word' id='word_1_129' title='bbox 526 1095 663 1136; x_wconf 86' lang='lat' dir='ltr'>adempto</span> <span class='ocrx_word' id='word_1_130' title='bbox 809 1096 946 1136; x_wconf 88' lang='lat' dir='ltr'>adempto</span> <span class='ocrx_word' id='word_1_131' title='bbox 1090 1095 1228 1137; x_wconf 89' lang='lat' dir='ltr'>adempto</span> 
     </span>
     <span class='ocr_line' id='line_1_95' title="bbox 525 1144 1169 1185; baseline 0.003 -12"><span class='ocrx_word' id='word_1_132' title='bbox 525 1145 603 1185; x_wconf 84' lang='lat' dir='ltr'>fugit</span> <span class='ocrx_word' id='word_1_133' title='bbox 807 1144 887 1184; x_wconf 78' lang='lat' dir='ltr'>fugit</span> <span class='ocrx_word' id='word_1_134' title='bbox 1091 1146 1169 1175; x_wconf 79' lang='lat' dir='ltr'>fudit</span> 
     </span>
     <span class='ocr_line' id='line_1_96' title="bbox 524 1193 1239 1234; baseline 0.006 -12"><span class='ocrx_word' id='word_1_135' title='bbox 524 1194 642 1224; x_wconf 90' lang='lat' dir='ltr'>infimus</span> <span class='ocrx_word' id='word_1_136' title='bbox 809 1193 958 1233; x_wconf 85' lang='lat' dir='ltr'>improbus</span> <span class='ocrx_word' id='word_1_137' title='bbox 1091 1194 1239 1234; x_wconf 84' lang='lat' dir='ltr'>improbus</span> 
     </span>
     <span class='ocr_line' id='line_1_97' title="bbox 524 1243 1321 1276; baseline 0.003 -2"><span class='ocrx_word' id='word_1_138' title='bbox 524 1245 670 1274; x_wconf 80' lang='lat' dir='ltr'>heliconia</span> <span class='ocrx_word' id='word_1_139' title='bbox 680 1245 749 1274; x_wconf 87' lang='lat' dir='ltr'>dum</span> <span class='ocrx_word' id='word_1_140' title='bbox 809 1243 954 1274; x_wconf 81' lang='lat' dir='ltr'>heliconia</span> <span class='ocrx_word' id='word_1_141' title='bbox 965 1244 1034 1274; x_wconf 91' lang='lat' dir='ltr'>dum</span> <span class='ocrx_word' id='word_1_142' title='bbox 1095 1246 1321 1276; x_wconf 87' lang='lat' dir='ltr'>Heliconiadum</span> 
     </span>
     <span class='ocr_line' id='line_1_98' title="bbox 525 1295 1212 1324; baseline 0.001 -1"><span class='ocrx_word' id='word_1_143' title='bbox 525 1300 635 1324; x_wconf 76' lang='lat' dir='ltr'>comtes</span> <span class='ocrx_word' id='word_1_144' title='bbox 809 1295 932 1324; x_wconf 79' lang='lat' dir='ltr'>comites</span> <span class='ocrx_word' id='word_1_145' title='bbox 1090 1296 1212 1324; x_wconf 82' lang='lat' dir='ltr'>comites</span> 
     </span>
     <span class='ocr_line' id='line_1_99' title="bbox 526 1343 1218 1383; baseline 0.001 -11"><span class='ocrx_word' id='word_1_146' title='bbox 526 1344 648 1383; x_wconf 82' lang='lat' dir='ltr'>Saepera</span> <span class='ocrx_word' id='word_1_147' title='bbox 811 1343 929 1382; x_wconf 80' lang='lat' dir='ltr'>Saepera</span> <span class='ocrx_word' id='word_1_148' title='bbox 1094 1345 1218 1383; x_wconf 83' lang='lat' dir='ltr'>Sceptra</span> 
     </span>
     <span class='ocr_line' id='line_1_100' title="bbox 523 1393 1205 1433; baseline 0.003 -12"><span class='ocrx_word' id='word_1_149' title='bbox 523 1393 622 1432; x_wconf 85' lang='lat' dir='ltr'>potius</span> <span class='ocrx_word' id='word_1_150' title='bbox 812 1394 909 1432; x_wconf 81' lang='lat' dir='ltr'>potius</span> <span class='ocrx_word' id='word_1_151' title='bbox 1092 1394 1205 1433; x_wconf 87' lang='lat' dir='ltr'>potitus</span> 
     </span>
     <span class='ocr_line' id='line_1_101' title="bbox 525 1442 1207 1484; baseline 0.003 -13"><span class='ocrx_word' id='word_1_152' title='bbox 525 1442 641 1482; x_wconf 88' lang='lat' dir='ltr'>sopitus</span> <span class='ocrx_word' id='word_1_153' title='bbox 808 1442 923 1482; x_wconf 81' lang='lat' dir='ltr'>sopitus</span> <span class='ocrx_word' id='word_1_154' title='bbox 1092 1445 1207 1484; x_wconf 87' lang='lat' dir='ltr'>sopitus</span> 
     </span>
     <span class='ocr_line' id='line_1_102' title="bbox 524 1493 1222 1532; baseline 0.003 -11"><span class='ocrx_word' id='word_1_155' title='bbox 524 1493 655 1531; x_wconf 82' lang='lat' dir='ltr'>quietest</span> <span class='ocrx_word' id='word_1_156' title='bbox 809 1493 939 1532; x_wconf 85' lang='lat' dir='ltr'>quietest</span> <span class='ocrx_word' id='word_1_157' title='bbox 1092 1493 1222 1532; x_wconf 79' lang='lat' dir='ltr'>quietest</span> 
     </span>
     <span class='ocr_line' id='line_1_103' title="bbox 524 1548 1208 1574; baseline 0 -2"><span class='ocrx_word' id='word_1_158' title='bbox 524 1548 632 1572; x_wconf 84' lang='lat' dir='ltr'>natura</span> <span class='ocrx_word' id='word_1_159' title='bbox 638 1572 640 1574; x_wconf 73' lang='grc'><strong>,</strong></span> <span class='ocrx_word' id='word_1_160' title='bbox 809 1548 916 1572; x_wconf 80' lang='lat' dir='ltr'>natura</span> <span class='ocrx_word' id='word_1_161' title='bbox 1091 1548 1208 1573; x_wconf 84' lang='lat' dir='ltr'>matura</span> 
     </span>
     <span class='ocr_line' id='line_1_104' title="bbox 525 1603 1233 1623; baseline 0.003 -2"><span class='ocrx_word' id='word_1_162' title='bbox 525 1603 668 1622; x_wconf 80' lang='lat' dir='ltr'>memores</span> <span class='ocrx_word' id='word_1_163' title='bbox 809 1603 950 1622; x_wconf 83' lang='lat' dir='ltr'>memores</span> <span class='ocrx_word' id='word_1_164' title='bbox 1091 1604 1233 1623; x_wconf 86' lang='lat' dir='ltr'>memores</span> 
     </span>
     <span class='ocr_line' id='line_1_105' title="bbox 524 1641 1151 1673; baseline 0.003 -2"><span class='ocrx_word' id='word_1_165' title='bbox 524 1641 585 1671; x_wconf 87' lang='lat' dir='ltr'>leto</span> <span class='ocrx_word' id='word_1_166' title='bbox 810 1642 869 1672; x_wconf 88' lang='lat' dir='ltr'>leto</span> <span class='ocrx_word' id='word_1_167' title='bbox 1091 1644 1151 1673; x_wconf 86' lang='lat' dir='ltr'>leto</span> 
     </span>
     <span class='ocr_line' id='line_1_106' title="bbox 526 1691 1241 1733; baseline 0.004 -13"><span class='ocrx_word' id='word_1_168' title='bbox 526 1691 682 1730; x_wconf 78' lang='lat' dir='ltr'>Epycurus</span> <span class='ocrx_word' id='word_1_169' title='bbox 810 1692 967 1731; x_wconf 75' lang='lat' dir='ltr'>Epycurus</span> <span class='ocrx_word' id='word_1_170' title='bbox 1093 1693 1241 1733; x_wconf 88' lang='lat' dir='ltr'>Epicurus</span> 
     </span>
     <span class='ocr_line' id='line_1_107' title="bbox 525 1741 1164 1774; baseline 0.008 -5"><span class='ocrx_word' id='word_1_171' title='bbox 525 1741 599 1770; x_wconf 85' lang='lat' dir='ltr'>obiit</span> <span class='ocrx_word' id='word_1_172' title='bbox 808 1741 882 1770; x_wconf 84' lang='lat' dir='ltr'>obiit</span> <span class='ocrx_word' id='word_1_173' title='bbox 1091 1744 1164 1774; x_wconf 86' lang='lat' dir='ltr'>obiit</span> 
     </span>
     <span class='ocr_line' id='line_1_108' title="bbox 526 1791 1215 1824; baseline 0.007 -5"><span class='ocrx_word' id='word_1_174' title='bbox 526 1791 562 1820; x_wconf 88' lang='lat' dir='ltr'>de</span> <span class='ocrx_word' id='word_1_175' title='bbox 576 1801 664 1820; x_wconf 90' lang='lat' dir='ltr'>curso</span> <span class='ocrx_word' id='word_1_176' title='bbox 807 1791 844 1820; x_wconf 89' lang='lat' dir='ltr'>de</span> <span class='ocrx_word' id='word_1_177' title='bbox 857 1802 945 1821; x_wconf 85' lang='lat' dir='ltr'>cursu</span> <span class='ocrx_word' id='word_1_178' title='bbox 1090 1794 1215 1824; x_wconf 84' lang='lat' dir='ltr'>decurso</span> 
     </span>
     <span class='ocr_line' id='line_1_109' title="bbox 525 1839 1211 1884; baseline 0.006 -15"><span class='ocrx_word' id='word_1_179' title='bbox 525 1839 645 1881; x_wconf 83' lang='lat' dir='ltr'>ingenio</span> <span class='ocrx_word' id='word_1_180' title='bbox 807 1841 926 1882; x_wconf 84' lang='lat' dir='ltr'>ingenio</span> <span class='ocrx_word' id='word_1_181' title='bbox 1092 1843 1211 1884; x_wconf 81' lang='lat' dir='ltr'>ingenio</span> 
     </span>
     <span class='ocr_line' id='line_1_110' title="bbox 527 1900 1203 1924; baseline 0.006 -5"><span class='ocrx_word' id='word_1_182' title='bbox 527 1900 622 1920; x_wconf 80' lang='lat' dir='ltr'>omnis</span> <span class='ocrx_word' id='word_1_183' title='bbox 808 1901 902 1921; x_wconf 80' lang='lat' dir='ltr'>omnis</span> <span class='ocrx_word' id='word_1_184' title='bbox 1091 1904 1203 1924; x_wconf 81' lang='lat' dir='ltr'>omneis</span> 
     </span>
     <span class='ocr_line' id='line_1_111' title="bbox 526 1939 1246 1975; baseline 0.01 -7"><span class='ocrx_word' id='word_1_185' title='bbox 526 1939 694 1969; x_wconf 82' lang='lat' dir='ltr'>Restrinxit</span> <span class='ocrx_word' id='word_1_186' title='bbox 808 1940 976 1971; x_wconf 78' lang='lat' dir='ltr'>Restrinxit</span> <span class='ocrx_word' id='word_1_187' title='bbox 1092 1943 1246 1975; x_wconf 74' lang='lat' dir='ltr'>restrinxit</span> 
     </span>
     <span class='ocr_line' id='line_1_112' title="bbox 809 1992 1136 2022; baseline 0.012 -4"><span class='ocrx_word' id='word_1_188' title='bbox 809 1993 843 2018; x_wconf 84' lang='lat' dir='ltr'>ut</span> <span class='ocrx_word' id='word_1_189' title='bbox 1092 1992 1136 2022; x_wconf 78' lang='lat' dir='ltr'>uti</span> 
     </span>
     <span class='ocr_line' id='line_1_113' title="bbox 524 2039 1188 2072; baseline 0.006 -4"><span class='ocrx_word' id='word_1_190' title='bbox 524 2039 622 2069; x_wconf 86' lang='lat' dir='ltr'>aerius</span> <span class='ocrx_word' id='word_1_191' title='bbox 808 2050 905 2069; x_wconf 73' lang='lat' dir='ltr'>aerius</span> <span class='ocrx_word' id='word_1_192' title='bbox 1091 2042 1188 2072; x_wconf 82' lang='lat' dir='ltr'>aerius</span> 
     </span>
     <span class='ocr_line' id='line_1_114' title="bbox 523 2089 1137 2121; baseline 0.005 -3"><span class='ocrx_word' id='word_1_193' title='bbox 523 2089 571 2118; x_wconf 91' lang='lat' dir='ltr'>cui</span> <span class='ocrx_word' id='word_1_194' title='bbox 807 2090 855 2119; x_wconf 88' lang='lat' dir='ltr'>cui</span> <span class='ocrx_word' id='word_1_195' title='bbox 1091 2091 1137 2121; x_wconf 89' lang='lat' dir='ltr'>cui</span> 
     </span>
     <span class='ocr_line' id='line_1_115' title="bbox 525 2138 1220 2182; baseline 0.004 -13"><span class='ocrx_word' id='word_1_196' title='bbox 525 2138 658 2180; x_wconf 75' lang='lat' dir='ltr'>vigilatis</span> <span class='ocrx_word' id='word_1_197' title='bbox 808 2139 933 2180; x_wconf 83' lang='lat' dir='ltr'>vigilare</span> <span class='ocrx_word' id='word_1_198' title='bbox 1091 2142 1220 2182; x_wconf 80' lang='lat' dir='ltr'>vigilans</span> 
     </span>
     <span class='ocr_line' id='line_1_116' title="bbox 525 2201 1157 2230; baseline 0.002 -10"><span class='ocrx_word' id='word_1_199' title='bbox 525 2201 594 2230; x_wconf 90' lang='lat' dir='ltr'>qum</span> <span class='ocrx_word' id='word_1_200' title='bbox 808 2201 875 2230; x_wconf 91' lang='lat' dir='ltr'>qum</span> <span class='ocrx_word' id='word_1_201' title='bbox 1092 2203 1157 2221; x_wconf 86' lang='lat' dir='ltr'>cnm</span> 
     </span>
     <span class='ocr_line' id='line_1_117' title="bbox 525 2240 1181 2271; baseline 0.002 -2"><span class='ocrx_word' id='word_1_202' title='bbox 525 2240 630 2270; x_wconf 88' lang='lat' dir='ltr'>inseris</span> <span class='ocrx_word' id='word_1_203' title='bbox 808 2241 916 2271; x_wconf 87' lang='lat' dir='ltr'>inseris</span> <span class='ocrx_word' id='word_1_204' title='bbox 1092 2241 1181 2270; x_wconf 87' lang='lat' dir='ltr'>miser</span> 
     </span>
     <span class='ocr_line' id='line_1_118' title="bbox 524 2290 1190 2320; baseline 0.002 -1"><span class='ocrx_word' id='word_1_205' title='bbox 524 2290 623 2320; x_wconf 89' lang='lat' dir='ltr'>animo</span> <span class='ocrx_word' id='word_1_206' title='bbox 809 2291 907 2320; x_wconf 87' lang='lat' dir='ltr'>animo</span> <span class='ocrx_word' id='word_1_207' title='bbox 1092 2291 1190 2320; x_wconf 90' lang='lat' dir='ltr'>animo</span> 
     </span>
     <span class='ocr_line' id='line_1_119' title="bbox 526 2340 1206 2371; baseline 0 -2"><span class='ocrx_word' id='word_1_208' title='bbox 526 2340 624 2370; x_wconf 85' lang='lat' dir='ltr'>inceto</span> <span class='ocrx_word' id='word_1_209' title='bbox 809 2341 923 2371; x_wconf 80' lang='lat' dir='ltr'>incerto</span> <span class='ocrx_word' id='word_1_210' title='bbox 1092 2340 1206 2369; x_wconf 81' lang='lat' dir='ltr'>incerto</span> 
     </span>
     <span class='ocr_line' id='line_1_120' title="bbox 526 2389 1211 2430; baseline 0.003 -13"><span class='ocrx_word' id='word_1_211' title='bbox 526 2389 645 2429; x_wconf 73' lang='lat' dir='ltr'>vagor-is</span> <span class='ocrx_word' id='word_1_212' title='bbox 811 2390 929 2430; x_wconf 77' lang='lat' dir='ltr'>vagaris</span> <span class='ocrx_word' id='word_1_213' title='bbox 1092 2390 1211 2430; x_wconf 82' lang='lat' dir='ltr'>vagaris</span> 
     </span>
     <span class='ocr_line' id='line_1_121' title="bbox 527 2438 1192 2470; baseline 0.003 -4"><span class='ocrx_word' id='word_1_214' title='bbox 527 2438 664 2467; x_wconf 83' lang='lat' dir='ltr'>videntur</span> <span class='ocrx_word' id='word_1_215' title='bbox 810 2440 945 2470; x_wconf 83' lang='lat' dir='ltr'>videntur</span> <span class='ocrx_word' id='word_1_216' title='bbox 1091 2439 1192 2470; x_wconf 85' lang='lat' dir='ltr'>videre</span> 
     </span>
     <span class='ocr_line' id='line_1_122' title="bbox 527 2488 1190 2518; baseline 0.003 -2"><span class='ocrx_word' id='word_1_217' title='bbox 527 2488 625 2518; x_wconf 81' lang='lat' dir='ltr'>inesse</span> <span class='ocrx_word' id='word_1_218' title='bbox 810 2489 908 2518; x_wconf 89' lang='lat' dir='ltr'>inesse</span> <span class='ocrx_word' id='word_1_219' title='bbox 1093 2489 1190 2518; x_wconf 88' lang='lat' dir='ltr'>inesse</span> 
     </span>
     <span class='ocr_line' id='line_1_123' title="bbox 812 2538 1137 2569; baseline 0.003 -2"><span class='ocrx_word' id='word_1_220' title='bbox 812 2538 854 2569; x_wconf 78' lang='lat' dir='ltr'>Et</span> <span class='ocrx_word' id='word_1_221' title='bbox 1094 2538 1137 2568; x_wconf 84' lang='lat' dir='ltr'>Et</span> 
     </span>
     <span class='ocr_line' id='line_1_124' title="bbox 527 2597 1269 2628; baseline 0.003 -12"><span class='ocrx_word' id='word_1_222' title='bbox 527 2597 643 2627; x_wconf 85' lang='lat' dir='ltr'>quoque</span> <span class='ocrx_word' id='word_1_223' title='bbox 662 2597 782 2618; x_wconf 82' lang='lat' dir='ltr'>noscere</span> <span class='ocrx_word' id='word_1_224' title='bbox 810 2598 927 2628; x_wconf 85' lang='lat' dir='ltr'>quoque</span> <span class='ocrx_word' id='word_1_225' title='bbox 946 2598 1065 2618; x_wconf 88' lang='lat' dir='ltr'>noscere</span> <span class='ocrx_word' id='word_1_226' title='bbox 1092 2598 1269 2628; x_wconf 83' lang='lat' dir='ltr'>cognoscere</span> 
     </span>
     <span class='ocr_line' id='line_1_125' title="bbox 810 2638 1122 2667; baseline 0 0"><span class='ocrx_word' id='word_1_227' title='bbox 810 2642 844 2667; x_wconf 86' lang='lat' dir='ltr'>tu</span> <span class='ocrx_word' id='word_1_228' title='bbox 1092 2638 1122 2667; x_wconf 93' lang='lat' dir='ltr'>in</span> 
     </span>
     <span class='ocr_line' id='line_1_126' title="bbox 810 2687 1138 2717; baseline 0.003 -1"><span class='ocrx_word' id='word_1_229' title='bbox 810 2687 855 2716; x_wconf 85' lang='lat' dir='ltr'>ira</span> <span class='ocrx_word' id='word_1_230' title='bbox 1095 2688 1138 2717; x_wconf 87' lang='lat' dir='ltr'>ita</span> 
     </span>
     <span class='ocr_line' id='line_1_127' title="bbox 529 2735 1255 2778; baseline 0.004 -14"><span class='ocrx_word' id='word_1_231' title='bbox 529 2735 689 2775; x_wconf 87' lang='lat' dir='ltr'>plerunque</span> <span class='ocrx_word' id='word_1_232' title='bbox 815 2737 976 2777; x_wconf 85' lang='lat' dir='ltr'>plerunque</span> <span class='ocrx_word' id='word_1_233' title='bbox 1094 2737 1255 2778; x_wconf 88' lang='lat' dir='ltr'>plerunque</span> 
     </span>
     <span class='ocr_line' id='line_1_128' title="bbox 526 2796 1225 2826; baseline 0.001 -12"><span class='ocrx_word' id='word_1_234' title='bbox 526 2796 648 2824; x_wconf 84' lang='lat' dir='ltr'>querere</span> <span class='ocrx_word' id='word_1_235' title='bbox 814 2797 936 2825; x_wconf 88' lang='lat' dir='ltr'>querere</span> <span class='ocrx_word' id='word_1_236' title='bbox 1095 2797 1225 2826; x_wconf 80' lang='lat' dir='ltr'>quaerere</span> 
     </span>
     <span class='ocr_line' id='line_1_129' title="bbox 529 2835 1239 2876; baseline 0.003 -12"><span class='ocrx_word' id='word_1_237' title='bbox 529 2836 685 2875; x_wconf 75' lang='lat' dir='ltr'>disponere</span> <span class='ocrx_word' id='word_1_238' title='bbox 814 2835 968 2876; x_wconf 86' lang='lat' dir='ltr'>disponere</span> <span class='ocrx_word' id='word_1_239' title='bbox 1094 2836 1239 2876; x_wconf 89' lang='lat' dir='ltr'>deponere</span> 
     </span>
     <span class='ocr_line' id='line_1_130' title="bbox 530 2885 1184 2917; baseline 0.003 -3"><span class='ocrx_word' id='word_1_240' title='bbox 530 2885 616 2915; x_wconf 75' lang='lat' dir='ltr'>Exiit</span> <span class='ocrx_word' id='word_1_241' title='bbox 817 2885 901 2916; x_wconf 85' lang='lat' dir='ltr'>Exiit</span> <span class='ocrx_word' id='word_1_242' title='bbox 1098 2886 1184 2917; x_wconf 77' lang='lat' dir='ltr'>Exiit</span> 
     </span>
    </p>
   </div>
   <div class='ocr_carea' id='block_1_26' title="bbox 1062 2839 1078 2930">
    <p class='ocr_par' dir='ltr' id='par_1_28' title="bbox 1062 2839 1078 2930">
     <span class='ocr_line' id='line_1_131' title="bbox 1062 2839 1078 2930; baseline 0 -35"><span class='ocrx_word' id='word_1_243' title='bbox 1062 2839 1078 2930; x_wconf 95' lang='lat' dir='ltr'>   </span> 
     </span>
    </p>
   </div>
   <div class='ocr_carea' id='block_1_27' title="bbox 496 2930 1078 2948">
    <p class='ocr_par' dir='ltr' id='par_1_29' title="bbox 496 2930 1078 2948">
     <span class='ocr_line' id='line_1_132' title="bbox 496 2930 1078 2948; baseline 0 -17"><span class='ocrx_word' id='word_1_244' title='bbox 496 2930 1078 2948; x_wconf 95' lang='lat' dir='ltr'>  </span> 
     </span>
    </p>
   </div>
   <div class='ocr_carea' id='block_1_28' title="bbox 1541 241 1634 286">
    <p class='ocr_par' dir='ltr' id='par_1_30' title="bbox 1541 241 1634 286">
     <span class='ocr_line' id='line_1_133' title="bbox 1541 241 1634 286; baseline 0.022 -2"><span class='ocrx_word' id='word_1_245' title='bbox 1541 241 1634 286; x_wconf 79' lang='lat'>263</span> 
     </span>
    </p>
   </div>
   <div class='ocr_carea' id='block_1_29' title="bbox 1335 362 1627 417">
    <p class='ocr_par' dir='ltr' id='par_1_31' title="bbox 1335 362 1627 417">
     <span class='ocr_line' id='line_1_134' title="bbox 1335 362 1627 376; baseline 0 0"><span class='ocrx_word' id='word_1_246' title='bbox 1335 362 1627 376; x_wconf 58' lang='lat'>———-—-—-</span> 
     </span>
     <span class='ocr_line' id='line_1_135' title="bbox 1383 391 1599 417; baseline 0.014 -6"><span class='ocrx_word' id='word_1_247' title='bbox 1383 391 1425 411; x_wconf 78' lang='lat' dir='ltr'>Ex</span> <span class='ocrx_word' id='word_1_248' title='bbox 1436 393 1599 417; x_wconf 75' lang='lat' dir='ltr'>TYPOGRA.</span> 
     </span>
    </p>
   </div>
   <div class='ocr_carea' id='block_1_30' title="bbox 1352 446 1627 471">
    <p class='ocr_par' dir='ltr' id='par_1_32' title="bbox 1352 446 1627 471">
     <span class='ocr_line' id='line_1_136' title="bbox 1352 446 1627 471; baseline 0.015 -5"><span class='ocrx_word' id='word_1_249' title='bbox 1352 446 1431 466; x_wconf 75' lang='lat' dir='ltr'>PHIA</span> <span class='ocrx_word' id='word_1_250' title='bbox 1447 447 1627 471; x_wconf 79' lang='lat' dir='ltr'>SOCIETATIS</span> 
     </span>
    </p>
   </div>
   <div class='ocr_carea' id='block_1_31' title="bbox 1343 369 1351 544">
    <p class='ocr_par' dir='ltr' id='par_1_33' title="bbox 1343 369 1351 544">
     <span class='ocr_line' id='line_1_137' title="bbox 1343 369 1351 544; baseline 0 0"><span class='ocrx_word' id='word_1_251' title='bbox 1343 369 1351 544; x_wconf 95' lang='lat' dir='ltr'> </span> 
     </span>
    </p>
   </div>
   <div class='ocr_carea' id='block_1_32' title="bbox 1393 500 1588 523">
    <p class='ocr_par' dir='ltr' id='par_1_34' title="bbox 1393 500 1588 523">
     <span class='ocr_line' id='line_1_138' title="bbox 1393 500 1588 523; baseline 0.015 -3"><span class='ocrx_word' id='word_1_252' title='bbox 1393 500 1588 523; x_wconf 77' lang='lat' dir='ltr'>BlPONTlNAE.</span> 
     </span>
    </p>
   </div>
   <div class='ocr_carea' id='block_1_33' title="bbox 1416 571 1552 612">
    <p class='ocr_par' dir='ltr' id='par_1_35' title="bbox 1416 571 1552 612">
     <span class='ocr_line' id='line_1_139' title="bbox 1416 571 1552 612; baseline 0.007 -11"><span class='ocrx_word' id='word_1_253' title='bbox 1416 571 1552 612; x_wconf 76' lang='lat' dir='ltr'>Biponti.</span> 
     </span>
    </p>
   </div>
   <div class='ocr_carea' id='block_1_34' title="bbox 1450 664 1533 694">
    <p class='ocr_par' dir='ltr' id='par_1_36' title="bbox 1450 664 1533 694">
     <span class='ocr_line' id='line_1_140' title="bbox 1450 664 1533 694; baseline 0.036 -5"><span class='ocrx_word' id='word_1_254' title='bbox 1450 664 1464 689; x_wconf 90' lang='lat'>1</span> <span class='ocrx_word' id='word_1_255' title='bbox 1469 664 1533 694; x_wconf 78' lang='lat'><strong>782.</strong></span> 
     </span>
    </p>
   </div>
   <div class='ocr_carea' id='block_1_35' title="bbox 1372 747 1607 2919">
    <p class='ocr_par' dir='ltr' id='par_1_37' title="bbox 1373 747 1423 785">
     <span class='ocr_line' id='line_1_141' title="bbox 1373 747 1423 785; baseline 0 -9"><span class='ocrx_word' id='word_1_256' title='bbox 1373 747 1423 785; x_wconf 89' lang='lat' dir='ltr'>qui</span> 
     </span>
    </p>

    <p class='ocr_par' dir='ltr' id='par_1_38' title="bbox 1373 797 1416 826">
     <span class='ocr_line' id='line_1_142' title="bbox 1373 797 1416 826; baseline 0.023 -1"><span class='ocrx_word' id='word_1_257' title='bbox 1373 797 1416 826; x_wconf 91' lang='lat' dir='ltr'>ire</span> 
     </span>
    </p>

    <p class='ocr_par' dir='ltr' id='par_1_39' title="bbox 1372 848 1607 2520">
     <span class='ocr_line' id='line_1_143' title="bbox 1372 848 1518 887; baseline 0.014 -11"><span class='ocrx_word' id='word_1_258' title='bbox 1372 857 1461 887; x_wconf 89' lang='lat' dir='ltr'>super</span> <span class='ocrx_word' id='word_1_259' title='bbox 1474 848 1518 878; x_wconf 89' lang='lat' dir='ltr'>ire</span> 
     </span>
     <span class='ocr_line' id='line_1_144' title="bbox 1373 897 1494 927; baseline 0.017 -2"><span class='ocrx_word' id='word_1_260' title='bbox 1373 897 1494 927; x_wconf 79' lang='lat' dir='ltr'>lacunas</span> 
     </span>
     <span class='ocr_line' id='line_1_145' title="bbox 1373 948 1532 978; baseline 0.006 -1"><span class='ocrx_word' id='word_1_261' title='bbox 1373 948 1532 978; x_wconf 86' lang='lat' dir='ltr'>contemsit</span> 
     </span>
     <span class='ocr_line' id='line_1_146' title="bbox 1374 997 1460 1037; baseline 0.023 -11"><span class='ocrx_word' id='word_1_262' title='bbox 1374 997 1460 1037; x_wconf 90' lang='lat' dir='ltr'>aquis</span> 
     </span>
     <span class='ocr_line' id='line_1_147' title="bbox 1374 1058 1522 1078; baseline 0.007 -1"><span class='ocrx_word' id='word_1_263' title='bbox 1374 1058 1522 1078; x_wconf 88' lang='lat' dir='ltr'>murmura</span> 
     </span>
     <span class='ocr_line' id='line_1_148' title="bbox 1375 1097 1494 1127; baseline 0.008 -1"><span class='ocrx_word' id='word_1_264' title='bbox 1375 1097 1494 1127; x_wconf 81' lang='lat' dir='ltr'>ademto</span> 
     </span>
     <span class='ocr_line' id='line_1_149' title="bbox 1375 1146 1453 1176; baseline 0.013 -1"><span class='ocrx_word' id='word_1_265' title='bbox 1375 1146 1453 1176; x_wconf 84' lang='lat' dir='ltr'>fudit</span> 
     </span>
     <span class='ocr_line' id='line_1_150' title="bbox 1378 1195 1494 1226; baseline 0.009 -1"><span class='ocrx_word' id='word_1_266' title='bbox 1378 1195 1494 1226; x_wconf 90' lang='lat' dir='ltr'>infimus</span> 
     </span>
     <span class='ocr_line' id='line_1_151' title="bbox 1380 1246 1607 1275; baseline 0.004 -1"><span class='ocrx_word' id='word_1_267' title='bbox 1380 1246 1607 1275; x_wconf 87' lang='lat' dir='ltr'>Heliconiadum</span> 
     </span>
     <span class='ocr_line' id='line_1_152' title="bbox 1376 1295 1499 1324; baseline 0.008 -1"><span class='ocrx_word' id='word_1_268' title='bbox 1376 1295 1499 1324; x_wconf 84' lang='lat' dir='ltr'>comites</span> 
     </span>
     <span class='ocr_line' id='line_1_153' title="bbox 1378 1344 1502 1384; baseline 0 -11"><span class='ocrx_word' id='word_1_269' title='bbox 1378 1344 1502 1384; x_wconf 88' lang='lat' dir='ltr'>Sceptra</span> 
     </span>
     <span class='ocr_line' id='line_1_154' title="bbox 1377 1393 1490 1433; baseline 0.018 -11"><span class='ocrx_word' id='word_1_270' title='bbox 1377 1393 1490 1433; x_wconf 87' lang='lat' dir='ltr'>potitus</span> 
     </span>
     <span class='ocr_line' id='line_1_155' title="bbox 1377 1443 1489 1483; baseline 0.009 -11"><span class='ocrx_word' id='word_1_271' title='bbox 1377 1443 1489 1483; x_wconf 86' lang='lat' dir='ltr'>sopitu&#39;</span> 
     </span>
     <span class='ocr_line' id='line_1_156' title="bbox 1376 1493 1518 1533; baseline 0 -10"><span class='ocrx_word' id='word_1_272' title='bbox 1376 1493 1518 1533; x_wconf 87' lang='lat' dir='ltr'>quiete&#39;st</span> 
     </span>
     <span class='ocr_line' id='line_1_157' title="bbox 1378 1547 1495 1573; baseline 0 -1"><span class='ocrx_word' id='word_1_273' title='bbox 1378 1547 1495 1573; x_wconf 82' lang='lat' dir='ltr'>matura</span> 
     </span>
     <span class='ocr_line' id='line_1_158' title="bbox 1377 1603 1532 1623; baseline 0.006 -2"><span class='ocrx_word' id='word_1_274' title='bbox 1377 1603 1532 1623; x_wconf 89' lang='lat' dir='ltr'>memorem</span> 
     </span>
     <span class='ocr_line' id='line_1_159' title="bbox 1376 1641 1460 1670; baseline 0 0"><span class='ocrx_word' id='word_1_275' title='bbox 1376 1641 1460 1670; x_wconf 87' lang='lat' dir='ltr'>letho</span> 
     </span>
     <span class='ocr_line' id='line_1_160' title="bbox 1378 1691 1526 1731; baseline 0.007 -10"><span class='ocrx_word' id='word_1_276' title='bbox 1378 1691 1526 1731; x_wconf 83' lang='lat' dir='ltr'>Epicurus</span> 
     </span>
     <span class='ocr_line' id='line_1_161' title="bbox 1375 1741 1439 1771; baseline 0.016 -1"><span class='ocrx_word' id='word_1_277' title='bbox 1375 1741 1439 1771; x_wconf 83' lang='lat' dir='ltr'>obit</span> 
     </span>
     <span class='ocr_line' id='line_1_162' title="bbox 1375 1791 1500 1821; baseline 0.016 -2"><span class='ocrx_word' id='word_1_278' title='bbox 1375 1791 1500 1821; x_wconf 88' lang='lat' dir='ltr'>decurso</span> 
     </span>
     <span class='ocr_line' id='line_1_163' title="bbox 1376 1843 1497 1883; baseline 0 -11"><span class='ocrx_word' id='word_1_279' title='bbox 1376 1843 1497 1883; x_wconf 87' lang='lat' dir='ltr'>ingenio</span> 
     </span>
     <span class='ocr_line' id='line_1_164' title="bbox 1376 1893 1488 1923; baseline 0 -1"><span class='ocrx_word' id='word_1_280' title='bbox 1376 1893 1488 1923; x_wconf 90' lang='lat' dir='ltr'>omneis</span> 
     </span>
     <span class='ocr_line' id='line_1_165' title="bbox 1380 1941 1574 1972; baseline -0.005 0"><span class='ocrx_word' id='word_1_281' title='bbox 1380 1941 1574 1972; x_wconf 78' lang='lat' dir='ltr'>Praestrinxit</span> 
     </span>
     <span class='ocr_line' id='line_1_166' title="bbox 1375 1992 1420 2022; baseline 0.022 -1"><span class='ocrx_word' id='word_1_282' title='bbox 1375 1992 1420 2022; x_wconf 84' lang='lat' dir='ltr'>uti</span> 
     </span>
     <span class='ocr_line' id='line_1_167' title="bbox 1374 2040 1514 2071; baseline -0.007 0"><span class='ocrx_word' id='word_1_283' title='bbox 1374 2040 1514 2071; x_wconf 82' lang='lat' dir='ltr'>aethen&#39;us</span> 
     </span>
     <span class='ocr_line' id='line_1_168' title="bbox 1374 2090 1445 2130; baseline -0.014 -10"><span class='ocrx_word' id='word_1_284' title='bbox 1374 2090 1445 2130; x_wconf 90' lang='lat' dir='ltr'>quoi</span> 
     </span>
     <span class='ocr_line' id='line_1_169' title="bbox 1376 2139 1505 2179; baseline -0.008 -10"><span class='ocrx_word' id='word_1_285' title='bbox 1376 2139 1505 2179; x_wconf 83' lang='lat' dir='ltr'>vigilans</span> 
     </span>
     <span class='ocr_line' id='line_1_170' title="bbox 1375 2199 1442 2219; baseline -0.015 0"><span class='ocrx_word' id='word_1_286' title='bbox 1375 2199 1442 2219; x_wconf 90' lang='lat' dir='ltr'>cum</span> 
     </span>
     <span class='ocr_line' id='line_1_171' title="bbox 1375 2238 1466 2269; baseline 0 0"><span class='ocrx_word' id='word_1_287' title='bbox 1375 2238 1466 2269; x_wconf 87' lang='lat' dir='ltr'>miser</span> 
     </span>
     <span class='ocr_line' id='line_1_172' title="bbox 1375 2289 1467 2320; baseline -0.011 0"><span class='ocrx_word' id='word_1_288' title='bbox 1375 2289 1467 2320; x_wconf 86' lang='lat' dir='ltr'>animi</span> 
     </span>
     <span class='ocr_line' id='line_1_173' title="bbox 1377 2339 1490 2370; baseline 0 -2"><span class='ocrx_word' id='word_1_289' title='bbox 1377 2339 1490 2370; x_wconf 64' lang='lat' dir='ltr'>incerto</span> 
     </span>
     <span class='ocr_line' id='line_1_174' title="bbox 1375 2389 1495 2430; baseline -0.017 -11"><span class='ocrx_word' id='word_1_290' title='bbox 1375 2389 1495 2430; x_wconf 83' lang='lat' dir='ltr'>vagaris</span> 
     </span>
     <span class='ocr_line' id='line_1_175' title="bbox 1375 2439 1511 2469; baseline 0 0"><span class='ocrx_word' id='word_1_291' title='bbox 1375 2439 1511 2469; x_wconf 87' lang='lat' dir='ltr'>videntur</span> 
     </span>
     <span class='ocr_line' id='line_1_176' title="bbox 1375 2491 1473 2520; baseline -0.02 0"><span class='ocrx_word' id='word_1_292' title='bbox 1375 2491 1473 2520; x_wconf 87' lang='lat' dir='ltr'>inesse</span> 
     </span>
    </p>

    <p class='ocr_par' dir='ltr' id='par_1_40' title="bbox 1376 2541 1554 2669">
     <span class='ocr_line' id='line_1_177' title="bbox 1378 2541 1420 2570; baseline 0.024 -1"><span class='ocrx_word' id='word_1_293' title='bbox 1378 2541 1420 2570; x_wconf 81' lang='lat' dir='ltr'>Et</span> 
     </span>
     <span class='ocr_line' id='line_1_178' title="bbox 1376 2600 1554 2630; baseline -0.006 -10"><span class='ocrx_word' id='word_1_294' title='bbox 1376 2600 1554 2630; x_wconf 84' lang='lat' dir='ltr'>cognoscere</span> 
     </span>
     <span class='ocr_line' id='line_1_179' title="bbox 1376 2640 1406 2669; baseline 0 0"><span class='ocrx_word' id='word_1_295' title='bbox 1376 2640 1406 2669; x_wconf 88' lang='lat' dir='ltr'>in</span> 
     </span>
    </p>

    <p class='ocr_par' dir='ltr' id='par_1_41' title="bbox 1376 2690 1546 2919">
     <span class='ocr_line' id='line_1_180' title="bbox 1377 2690 1420 2720; baseline 0.023 -1"><span class='ocrx_word' id='word_1_296' title='bbox 1377 2690 1420 2720; x_wconf 85' lang='lat' dir='ltr'>ita</span> 
     </span>
     <span class='ocr_line' id='line_1_181' title="bbox 1377 2740 1546 2780; baseline 0 -11"><span class='ocrx_word' id='word_1_297' title='bbox 1377 2740 1546 2780; x_wconf 86' lang='lat' dir='ltr'>plerumque</span> 
     </span>
     <span class='ocr_line' id='line_1_182' title="bbox 1376 2800 1510 2829; baseline 0 -10"><span class='ocrx_word' id='word_1_298' title='bbox 1376 2800 1510 2829; x_wconf 82' lang='lat' dir='ltr'>quaerere</span> 
     </span>
     <span class='ocr_line' id='line_1_183' title="bbox 1377 2839 1523 2879; baseline 0 -10"><span class='ocrx_word' id='word_1_299' title='bbox 1377 2839 1523 2879; x_wconf 86' lang='lat' dir='ltr'>deponere</span> 
     </span>
     <span class='ocr_line' id='line_1_184' title="bbox 1381 2888 1455 2919; baseline -0.014 0"><span class='ocrx_word' id='word_1_300' title='bbox 1381 2888 1455 2919; x_wconf 82' lang='lat' dir='ltr'>Exit</span> 
     </span>
    </p>
   </div>
  </div>
 </body>
</html>
