1967 3314
637 271 856 322 LIBRI
906 272 1152 321 PRIMI.

1573 278 1661 325 177

260 489 415 510 FERRAND
421 489 467 509 US.

245 1393 402 1433 quicquam

245 1453 340 1483 neque

245 1493 418 1524 conficiatur

580 513 716 535 PERGER.

584 619 714 650 Veronae.

533 1491 725 1522 conficiantur

511 459 634 479 PAULUS
646 416 792 479 funum-i
807 456 999 477 THEononus
1015 456 1057 475 nt:

816 510 1051 531 RAGAzoNIBUS.

820 1490 1011 1521 conficiantur

245 1555 304 1584 quo

247 1605 373 1634 quaeque

247 1648 394 1684 temptata

248 1696 316 1725 haec

249 1750 353 1774 eterna

250 1804 370 1824 necesse
383 1798 431 1824 est

251 1855 305 1874 uec

251 1893 384 1923 matertis

250 1943 378 1972 fuissent

251 1994 391 2024 Antehac

250 2043 374 2073 nihilum

251 2093 344 2123 nihilo

250 2143 369 2182 quesita

251 2203 435 2234 quaecunque

251 2254 341 2284 supra

252 2294 384 2333 genitum
397 2300 445 2326 est

253 2353 373 2383 corpore

256 2403 383 2432 quaeque

533 1554 592 1583 quo

538 1855 591 1873 nec

537 2255 628 2284 supra

256 2591 448 2630 mareriaeque

256 2641 380 2670 reducta

257 2689 323 2719 finis

257 2739 374 2779 quidvis

258 2794 436 2830 quapropter

260 2840 383 2870 Infinita

259 2895 332 2920 aetas

259 2940 353 2970 omnis

271 3013 354 3043 VoL.
372 3013 432 3044 IV.

545 2690 632 2724 finem

547 2895 620 2921 aetas

534 1604 715 1633 quaecunque

538 1799 689 1824 necessest

537 1894 674 1924 materies

536 1943 553 1972 f
550 1944 643 1973 uisset

536 2145 660 2185 quaesita

538 2205 710 2234 quecunque

537 2294 670 2334 genitum
683 2298 730 2323 est

539 2355 664 2384 corpora

539 2404 653 2433 queque

541 2444 720 2483 suppectitet

542 2493 655 2522 ratione

543 2542 653 2571 nullum

544 2592 730 2632 materiasque

544 2641 666 2671 reducta

546 2741 616 2781 quid
629 2741 675 2770 vis

546 2802 605 2830 qua
617 2795 736 2831 propter

549 2840 669 2870 Infinita

547 2941 640 2971 omnis

821 1551 880 1581 quo

822 1602 1002 1631 quascunque

823 1647 941 1672 tentata

823 1693 878 1722 hec

824 1748 939 1772 aetema

825 1795 977 1820 necessest

825 1851 878 1870 nec

825 1891 963 1922 materies

824 1941 930 1971 fuisset

826 1994 908 2021 Ante
920 1992 976 2020 hac

826 2041 948 2070 nihilum

825 2091 917 2121 nihilo

825 2141 950 2181 quaesita

826 2201 997 2232 quecunque

826 2253 917 2283 supra

826 2293 958 2334 genitum
968 2299 1016 2322 est

828 2353 951 2383 corpora

828 2403 942 2433 queque

829 2443 1009 2484 suppectitet

829 2494 943 2522 ratione

831 2543 941 2573 nullum

831 2592 1021 2632 materiaeque

832 2643 954 2673 reducta

831 2694 918 2724 finem

832 2744 903 2784 quid
916 2744 961 2773 vis

834 2805 892 2833 qua
905 2797 1024 2833 propter

836 2842 957 2872 Infinita

834 2897 899 2922 etas

835 2942 929 2972 omnis

857 3012 881 3041 Z

1153 612 1291 642 Venetiis.

1184 705 1196 730 l
1202 704 1265 730 500.

1104 792 1218 823 naviter

1109 1197 1220 1232 queunt

1109 1246 1226 1272 tentata

1109 1291 1210 1321 labare

1110 1350 1217 1380 supera

1110 1390 1266 1429 quicquam

1110 1451 1164 1469 nec

1109 1488 1302 1519 conficiuntur

1109 1549 1168 1579 quo

1111 1598 1236 1628 quaeque

1110 1642 1228 1668 tentata

1112 1688 1177 1719 haec

1111 1742 1224 1766 aeterna

1112 1791 1264 1816 necessest

1112 1836 1169 1866 uisi

1112 1886 1249 1915 materies

1112 1935 1218 1964 fuisset

1114 1985 1252 2014 Antehac

1114 2034 1203 2064 nilum

1114 2084 1206 2114 nihilo

1113 2134 1239 2174 quaesita

1114 2194 1295 2224 quaecunque

1114 2246 1203 2274 supra

1114 2285 1248 2326 genitust

1115 2345 1236 2374 corpore

1116 2394 1241 2423 quaeque

1116 2432 1288 2472 suppeditet

1117 2482 1231 2512 ratione

1118 2532 1228 2562 nullum

1118 2582 1313 2621 materiesque

1120 2632 1242 2664 reducta

1120 2682 1206 2712 finem

1120 2732 1236 2771 quidvis

1121 2787 1300 2823 quapropter

1123 2835 1251 2865 Infinitae

1397 431 1437 451 EX
1451 433 1616 453 TYPOGRA-

1370 485 1447 505 PEIA
1464 486 1646 508 socnzTA'rIs

1415 526 1608 561 nnbxnxffi.

1443 611 1578 651 Biponti.

1470 703 1485 729 l
1490 703 1553 733 782.

1392 790 1507 820 naviter

1395 940 1523 979 spatium

1395 989 1482 1028 pleno

1397 1038 1489 1068 Inane

1398 1090 1474 1119 Haec

1396 1139 1456 1168 icta

1397 1194 1508 1227 queunt

1397 1243 1514 1269 tentata

1399 1290 1502 1320 labare

1398 1351 1506 1380 supera

1398 1391 1556 1430 quidquam

1398 1450 1492 1479 neque

1399 1491 1593 1521 conficiuntur

1399 1552 1486 1581 quam

1399 1604 1523 1632 quaeque

1400 1647 1518 1672 tentata

1399 1693 1464 1721 haec

1403 1747 1518 1772 aeterna
1550 1744 1552 1746 '

1400 1788 1563 1821 necesse's't

1401 1841 1458 1870 nisi

1400 1891 1537 1920 materies

1400 1939 1507 1969 fuisset

1402 1990 1541 2019 Antehac

1403 2038 1525 2068 nihilum

1404 2088 1565 2128 Nihiloque

1402 2142 1507 2167 renata

1402 2193 1586 2227 quaecunque

1402 2247 1510 2276 supera

1402 2286 1548 2327 genitu'st

1403 2348 1524 2377 corpore

1403 2398 1529 2427 quaeque

1405 2437 1577 2477 suppeditet

1405 2486 1518 2516 ratione

1406 2536 1515 2565 nullam

1406 2585 1542 2615 maten'ai

1407 2636 1529 2666 redacta

1407 2686 1507 2716 florem

1407 2737 1522 2776 quidvis

1408 2791 1586 2827 quapropter

1409 2836 1538 2866 Infinitae

1408 2891 1482 2916 aetas

1409 2936 1502 2966 omnis
