1967 3314
553 216 893 267 RICARDI
941 216 1326 266 BENTLEII.
1595 227 1690 268 463

237 352 334 385 Male.

1397 421 1570 453 Bentleius.

354 539 420 569 927
446 533 501 568 Ex
517 531 634 567 animo
650 538 690 567 ut
707 531 836 574 dicant,
853 531 971 566 Brevis
988 530 1045 565 hic
1063 536 1116 565 est
1132 529 1269 565 fructus
1286 530 1470 573 homullis;

446 599 527 633 Jam
543 596 660 640 fuerit,
674 607 788 642 neque
804 602 886 642 post
901 607 1055 641 unquam
1070 605 1238 630 revocare
1256 594 1388 629 licebit.

233 688 408 722 Homullus,
433 696 485 722 an,
502 693 538 717 ut
552 686 657 726 potius
671 697 753 725 reor,
776 687 918 717 lcomillus
933 684 995 716 dici
1010 684 1134 723 debeat,
1155 695 1220 715 non
1243 690 1289 715 est
1303 684 1432 715 fortasse
1456 684 1550 723 tanti,
1574 690 1610 715 ut
1632 689 1698 715 stu-

187 742 274 774 diose
287 747 460 782 quaeratur;
481 741 514 771 id
529 742 616 772 enim
633 741 685 772 alii
700 747 774 772 ante
788 751 846 772 nos
860 741 1017 772 fecerunt:
1046 740 1110 771 Sed
1127 750 1231 776 nemo,
1247 739 1334 781 quod
1347 739 1475 780 quidem
1490 740 1597 776 sciam,
1610 745 1698 770 ante-

189 798 249 827 hac
265 797 401 835 monuit,
431 807 495 827 esse
517 795 551 826 in
574 797 632 827 hoc
655 796 724 827 loco
747 796 967 837 gravissimum
989 800 1154 835 peccatum
1176 805 1195 825 a
1217 795 1334 825 librarii
1351 806 1459 826 manu.
1505 795 1697 836 Legendum

185 851 274 882 enim
298 857 356 890 est,
385 874 473 882 .....
500 854 609 882 Brevis
633 854 683 882 llic
707 858 749 882 est
764 852 895 892 fructus
919 852 1047 881 lzomillz'.
1101 850 1247 880 Primum
1270 850 1345 892 quia
1373 850 1475 891 figura
1503 850 1698 891 ingeniosior

187 905 228 936 sit
259 912 291 936 et
321 906 423 947 magis
453 912 585 945 morata,
618 908 786 949 ἦθυιωτεμ,
816 907 842 936 si
873 916 1043 936 numerum
1066 904 1260 946 singularem
1282 916 1431 944 usurpes;
1465 909 1592 947 (notum
1619 904 1700 935 illud

184 984 274 992 .....
300 961 392 1002 quam
407 968 486 993 totus
501 964 661 993 homuncio
677 964 724 992 nil
737 968 780 993 est
788 963 825 1002 J)
850 961 935 992 Dein
951 961 1034 1001 quia,
1058 959 1117 990 nisi
1133 970 1205 991 vera
1232 965 1338 990 nostra
1353 959 1532 991 emendatio
1547 966 1604 998 est,
1627 965 1698 990 tum

183 1015 375 1047 soloecismus
390 1017 424 1046 in
439 1017 547 1048 oculos
561 1016 721 1047 involabit.
769 1015 859 1059 [Jam
872 1015 990 1058 fuerit]
1011 1015 1129 1056 alioqui
1144 1014 1345 1046 scribendum
1371 1020 1437 1046 erat
1454 1014 1540 1056 [Jam
1552 1013 1694 1056 fuerint]

185 1070 309 1101 homiui
326 1071 452 1102 scilicet.

1392 1130 1502 1162 Faber.

226 1228 312 1268 Imo,
325 1229 520 1271 Jamficerz‘t,
537 1229 678 1259 Fructus.
703 1228 843 1268 Propert.
861 1227 910 1258 ΙΙ.
928 1231 976 1258 12.

395 1317 448 1348 Tu
464 1316 567 1353 modo,
584 1316 661 1346 dum
675 1316 757 1352 licet,
773 1317 859 1346 hunc
874 1315 1015 1347 fructum
1030 1325 1070 1346 ne
1085 1314 1192 1347 desere
1210 1315 1291 1348 vitae.

220 1404 310 1435 Bene
325 1404 434 1445 igitur,
453 1406 618 1436 Homullis.
663 1405 772 1435 Brevis
787 1405 838 1435 hic
853 1411 900 1436 est
916 1406 1038 1436 fructus
1054 1405 1154 1447 [vitae]
1179 1405 1344 1436 homullis.

1391 1464 1567 1496 Bentleius.

182 1566 262 1602 Lib.
281 1566 342 1601 IV.

346 1641 411 1672 598
436 1636 639 1671 Humanum
655 1647 764 1681 genus
782 1642 835 1671 est
851 1636 983 1670 avidum
1000 1635 1102 1671 nimis
1119 1637 1356 1672 auricularum.

223 1716 265 1748 Id
280 1722 337 1754 est,
362 1716 483 1746 Omnes
497 1714 642 1745 homines
656 1719 800 1754 portenta
814 1720 846 1746 et
859 1713 1013 1746 miracula
1027 1714 1160 1746 libenter
1177 1722 1321 1754 narrant;
1342 1725 1440 1757 eaque
1455 1713 1474 1746 ὲ
1496 1715 1606 1747 multis
1631 1727 1687 1748 au-

177 1772 236 1804 diri
248 1770 518 1814 jucundissimum
533 1769 594 1800 illis
607 1775 661 1800 est.

1383 1831 1492 1861 Faber.

222 1938 296 1968 Imo
311 1947 348 1968 ea
362 1937 511 1968 omnibus
526 1935 637 1966 auditu
659 1935 890 1977 jucundissima
912 1941 998 1967 sunt.
1023 1935 1143 1967 Tertul.
1160 1936 1297 1978 Apolog.
1321 1940 1344 1956 ‘⁴
1362 1938 1437 1969 Non
1453 1948 1545 1977 nova,
1566 1938 1620 1969 sed
1638 1938 1685 1969 in-

177 1993 284 2036 genita
298 1992 486 2034 quibusdam
501 1991 677 2022 mentiendi
693 1990 884 2030 voluptate.”

1383 2052 1557 2084 Bentleius.

320 2169 407 2197 1089
433 2160 588 2204 Tenuia3
613 2172 691 2208 quae
706 2167 814 2196 vento
832 2172 911 2207 spes
927 2166 1044 2207 raptat
1059 2172 1153 2207 saepe
1169 2160 1306 2196 misella

218 2236 279 2267 Sex
295 2241 415 2276 septem
431 2235 497 2266 dies
511 2236 618 2268 locum
632 2237 717 2267 hunc
733 2235 841 2266 animo
855 2235 986 2274 versavi,
1010 2235 1068 2267 ἐδεν
1085 2237 1278 2278 §meantum
1295 2234 1376 2266 dico.

1382 2305 1490 2336 Faber.

218 2410 322 2442 Rideo
345 2412 442 2450 hunc,
470 2411 525 2452 qui
548 2416 614 2442 tam
636 2410 821 2443 diuturnam
846 2421 972 2452 operam
995 2411 1083 2451 lusit,
1110 2418 1146 2444 ut
1172 2413 1301 2454 videbis,
1325 2414 1352 2445 si
1376 2420 1466 2446 notas
1489 2421 1610 2446 nostras
1634 2416 1678 2447 vi-

173 2464 264 2497 deris.

1382 2529 1556 2560 Bentleius.

313 2628 401 2658 1155
426 2622 574 2658 Parvola
590 2622 747 2669 pumilio,
770 2637 902 2666 χαριτων
917 2637 957 2660 ια,
982 2631 1059 2661 tota
1075 2636 1208 2661 merum
1227 2626 1296 2662 sal:

215 2702 290 2738 Qua
303 2702 434 2741 parvula
448 2708 479 2733 et
494 2703 615 2743 pumila
629 2704 680 2742 sit,
698 2703 809 2735 dicunt
823 2714 894 2735 eam
909 2715 974 2736 esse
991 2707 1035 2737 ιάν
1050 2720 1193 2749 >colem-m,
1217 2712 1316 2737 totam
1340 2716 1377 2736 ex
1402 2705 1476 2743 sale,
1500 2710 1532 2736 et
1554 2706 1673 2739 facetiis

171 2761 202 2787 et
217 2756 372 2798 elegantia
387 2762 537 2790 constare.
585 2759 732 2790 Ceterum
750 2773 882 2803 χαριτων
895 2774 960 2800 pua,
976 2760 1027 2791 vel
1043 2775 1074 2792 ια
1088 2760 1173 2802 legas
1190 2760 1235 2791 nil
1250 2760 1387 2792 interest.

1374 2831 1483 2862 Faber.
