1967 3314
572 253 791 304 LIBRI
831 253 1184 304 SECUNDI.
1515 264 1611 312 217

476 436 597 456 PAULUS
613 436 746 457 FRmEN-
773 437 964 458 THEODORUS
979 436 1020 457 1)ss
1356 415 1398 434 Ex
1410 416 1575 438 TYPOGRA-

778 491 1013 512 RAGAZONnnJS.

226 467 428 490 FERRANDUS.

1121 470 1234 491 ALDUS.
1330 469 1407 489 Pam
1423 470 1604 494 SOCIETATIS

545 490 684 512 PERGER·
1371 524 1566 547 BXPONTINAE-

833 593 970 623 Venetiis.
1111 592 1214 622 Veneti
1216 592 1248 623 is.

258 593 386 624 Bn'xiae.

231 683 305 713 Sine
319 684 416 714 Anno.
857 686 939 715 1495.
1142 685 1223 712 1500.

208 773 341 812 quendam

209 822 338 853 candens

210 872 334 902 ceruleis

210 926 332 961 possent

778 772 903 810 quedam
1064 772 1199 811 quaedam

778 821 888 851 cadens
1064 821 1193 851 candens

778 871 903 902 ceruleis
1065 871 1188 901 ceruleis

779 926 902 960 possent
1064 926 1186 961 possent

779 981 837 1010 que
1064 980 1133 1010 quae

782 1021 843 1051 sint
1065 1021 1126 1051 sint

780 1072 846 1106 Que
1064 1072 1139 1106 Quae

779 1120 925 1160 quoddam
1064 1122 1209 1161 quoddam

779 1180 895 1209 unaque
908 1171 1006 1211 figura
1064 1181 1180 1210 unaque
1195 1171 1290 1212 figura

781 1220 954 1250 Dissimiles
1066 1220 1248 1250 Dissimileis

781 1280 900 1310 aequore
1065 1279 1185 1309 aequore

494 775 619 814 quedam

495 824 603 854 cadens

495 873 619 904 ceruleis

495 928 617 964 possent

496 983 553 1012 que

496 1022 557 1052 sint

495 1071 561 1106 Que

495 1121 641 1161 quoddam

495 1180 610 1209 unaque
624 1170 721 1210 figura

495 1219 620 1250 Dissimi
625 1219 669 1250 les

494 1280 610 1310 aequore

1346 776 1483 815 quaedam

1346 825 1475 856 candens

1346 875 1482 906 caeruleis

1346 925 1463 964 possint

1347 985 1414 1013 quae

1350 1028 1420 1054 sunt

1348 1074 1426 1108 Quae

1349 1123 1488 1161 quiddam

1349 1183 1471 1212 unaeque
1488 1172 1593 1213 figurae

1351 1221 1532 1252 Dissimileis

1349 1280 1469 1309 aequore

209 1167 326 1206 imaque
338 1167 435 1208 figura

211 1216 380 1247 Dissimiles

208 1276 326 1305 aequora

209 1316 313 1354 quovis
335 1329 346 1334 ·
494 1332 554 1360 quo
567 1321 612 1350 vis
780 1330 838 1359 quo
848 1320 894 1349 vis
1065 1319 1169 1358 quovis
1348 1319 1453 1358 quovis

209 1364 378 1394 Dissimiles
496 1369 667 1400 Dissimiles
781 1368 952 1399 Dissimiles
1066 1368 1247 1398 Dissimileis
1350 1369 1531 1399 Dissimileis

207 1413 286 1453 quod
495 1419 573 1458 quod
779 1419 858 1458 quod
1067 1419 1145 1457 quod
1347 1429 1405 1458 quo

207 1474 273 1493 esse
495 1478 562 1498 esse
779 1478 864 1497 omne
1065 1478 1150 1497 omne
1347 1478 1433 1498 omne

208 1524 273 1553 quae
494 1528 563 1558 quae
781 1528 847 1556 quae
1065 1516 1143 1555 quod
1348 1529 1417 1558 quae

208 1563 290 1593 ducit
495 1570 577 1599 ducit
780 1568 862 1598 ducit
1065 1566 1167 1596 dicunt
1348 1568 1430 1598 ducit

209 1613 240 1642 in
254 1612 338 1642 licitu
497 1619 611 1650 inlicita
781 1617 897 1648 inlicita
1065 1616 1209 1645 inlicitum
1349 1622 1379 1647 et
1392 1617 1488 1647 inlicit

211 1663 292 1693 deest
496 1669 576 1698 deest
781 1666 861 1696 deest
1066 1664 1146 1695 deest
1349 1671 1383 1697 ut

209 1713 315 1743 coloris
498 1718 604 1748 coloris
782 1716 889 1747 coloris
1067 1714 1173 1744 coloris
1350 1716 1462 1747 colores

212 1763 319 1802 Neque
500 1767 608 1808 Neque
784 1767 893 1806 Neque
1069 1766 1135 1796 Nec
1148 1777 1215 1806 quae
1352 1767 1419 1796 Nec
1430 1777 1496 1806 quae

210 1813 309 1843 cluent
499 1818 599 1849 eluant
782 1816 883 1847 eluent
1066 1816 1165 1846 cluent
1350 1817 1450 1846 cluent

210 1874 247 1893 ea
499 1879 535 1898 ea
783 1877 819 1896 ea
1067 1877 1099 1896 se
1350 1867 1387 1897 de

210 1913 343 1944 Candida
499 1917 632 1948 Condida
783 1917 917 1947 Candida
1067 1914 1200 1945 Candida
1351 1915 1485 1946 Candida

210 1962 289 1992 nullo
499 1967 579 1996 nullo
782 1966 863 1995 nullo
1067 1965 1146 2005 pullo
1350 1965 1430 1994 nullo

210 2012 295 2053 nigro
308 2017 379 2043 nata
499 2016 585 2057 nigro
598 2020 670 2046 nata
781 2015 867 2056 nigro
881 2019 951 2045 nata
1066 2014 1151 2054 nigro
1164 2018 1236 2044 nata
1349 2015 1386 2044 de
1400 2014 1537 2053 nigrante

209 2072 313 2101 quovis
498 2077 556 2106 quo
570 2067 614 2096 vis
782 2077 840 2106 quo
853 2066 900 2096 vis
1065 2064 1169 2103 quovis
1349 2063 1453 2103 quovis

208 2112 238 2141 iu
252 2112 318 2152 ipso
328 2116 460 2142 mutatur
1349 2118 1481 2144 mutatur
1494 2112 1524 2142 in
1543 2112 1607 2152 ipso

1350 2174 1509 2205 percussus

1350 2217 1427 2249 Quae
1441 2214 1500 2244 sita

1352 2264 1490 2303 Namque

781 2117 811 2146 in
828 2117 893 2156 ipso
906 2119 1037 2145 mutatur
1065 2117 1197 2143 mutatur
1212 2112 1242 2142 in
1257 2113 1320 2152 ipso

781 2165 930 2206 percussis
1066 2174 1223 2204 percussus

782 2215 921 2250 Quaesita
1066 2215 1143 2248 Quae
1157 2214 1217 2244 sita.

784 2265 923 2305 Namque
1067 2263 1197 2303 Nanque

783 2315 844 2345 alia
1065 2313 1140 2343 alias

783 2365 863 2394 clara
876 2364 916 2393 sit
930 2363 1018 2392 rubro
1065 2363 1146 2392 clara
1159 2362 1199 2391 sit
1213 2361 1301 2391 rubro

782 2414 909 2453 quodam
1066 2413 1213 2452 quoddam

783 2463 932 2495 ceruleum
1066 2462 1213 2492 ceruleum

784 2514 875 2554 virgis
1067 2512 1186 2542 virideis

783 2563 896 2603 repleta
908 2568 956 2593 est
1067 2561 1210 2600 repletast

783 2613 849 2647 Que
1067 2612 1127 2647 Qui

786 2662 866 2692 Scire
882 2662 951 2691 licet
1070 2661 1151 2690 Scire
1165 2660 1234 2691 licet

785 2711 866 2740 deest
1069 2710 1148 2740 deest

786 2760 946 2800 putandum
1069 2759 1229 2800 putandum

787 2809 875 2850 plage
1069 2810 1165 2850 plagae

787 2870 856 2898 qum
1069 2870 1135 2889 cum

787 2919 855 2947 qum
1071 2919 1136 2940 cum

788 2971 851 3001 Ee

498 2115 527 2145 in
544 2116 610 2156 ipso
622 2120 752 2147 mutatur

498 2165 647 2204 percussis

497 2215 637 2249 Quaesita

499 2265 637 2305 Namque

497 2314 556 2344 alia

499 2364 580 2394 clara
590 2365 631 2394 sit
644 2365 733 2395 rubro

498 2414 625 2452 quodam

498 2463 644 2492 ceruleum

500 2511 591 2551 virgis

500 2561 613 2600 repleta
626 2566 672 2591 est

500 2611 566 2645 Que

502 2660 583 2690 Scire
597 2660 667 2690 licet

501 2709 582 2739 deest

502 2760 663 2799 putandum

501 2808 588 2849 plage

500 2869 570 2898 qum

501 2919 570 2949 qum

208 2172 365 2201 percussus

208 2212 282 2247 Quae
295 2212 355 2242 sita

211 2262 340 2302 Nanque

210 2312 270 2341 alia

209 2360 289 2390 clara
303 2362 344 2391 sit
357 2363 444 2392 rubro

212 2411 338 2449 quodam

211 2461 368 2492 caeruleum

211 2511 315 2541 viridis

211 2560 324 2600 repleta
338 2566 384 2592 est

211 2610 270 2644 Qui

211 2659 292 2689 Scire
307 2659 376 2690 licet

209 2708 291 2738 deest

211 2759 373 2799 putandum

211 2808 300 2850 plage

213 2869 278 2888 cum

213 2919 279 2939 cum

217 2969 302 3001 Vox..
325 2969 385 3002 IV.

1349 2313 1424 2343 alias

1350 2364 1438 2393 rubro
1450 2363 1491 2394 sit
1505 2362 1587 2393 clara

1351 2414 1476 2452 quodam

1351 2463 1506 2493 caerulenm

1352 2513 1471 2543 virideis

1353 2562 1507 2603 repleta'st

1353 2613 1412 2648 Qui

1354 2662 1475 2693 Scilicet

1353 2713 1383 2742 id

1354 2762 1527 2803 putandu'st

1352 2812 1452 2853 plagae

1353 2873 1417 2892 cum

1353 2922 1419 2941 cum
