1967 3314
305 255 400 297 446
734 244 1362 296 ANNOTATIONES

456 385 544 415 1163
571 381 661 425 Quae
678 390 771 414 nunc
787 379 824 413 in
840 378 972 424 magnis
987 378 1115 414 florent
1129 390 1226 413 sacra
1242 378 1347 420 rebu’,
1361 377 1529 424 locisque.

358 454 448 484 Vers.
463 453 585 484 delend.

459 562 545 590 1213
572 556 623 589 Et
638 555 722 589 tanti
739 559 855 588 motus
871 552 965 588 hunc
982 559 1130 599 possunt
1145 552 1235 588 ferre
1251 553 1421 588 laborem:

357 635 397 671 Q.
412 644 437 665 c.
453 640 483 665 et
498 634 593 664 taciti.
638 633 715 673 Leg.
729 631 871 669 solliciti;
893 630 964 661 vide
979 630 1031 661 lib.
1049 631 1075 661 1.
1091 641 1117 660 v,
1132 634 1204 661 544.
1227 630 1279 661 lib.
1296 630 1358 660 VI.
1374 640 1400 661 ν.
1422 633 1510 661 1036.

459 743 547 771 1236
571 737 832 779 Concussaeque
849 733 980 768 cadunt
994 733 1109 775 urbes,
1125 733 1295 779 dubiaeque
1312 732 1505 767 minantur:

355 816 433 857 Leg.
448 815 598 846 dubiaevc.

458 923 546 951 1284
569 917 616 951 Et
632 915 793 958 flammae‚
808 920 913 960 atque
929 913 1025 959 ignes
1042 919 1227 960 postquam
1245 919 1327 948 sunt
1343 913 1482 959 cognita
1497 912 1644 959 primum

361 997 411 1028 Sic
425 997 598 1038 distinguo,

530 1073 576 1102 At
590 1071 725 1101 flammae
741 1076 834 1111 atque
849 1070 938 1110 ignes
953 1074 1116 1110 postquam
1135 1073 1210 1100 sunt
1223 1068 1350 1110 cognita
1363 1068 1502 1108 primum

528 1130 690 1161 Posterius
704 1130 761 1160 &c.

359 1207 416 1238 Ait
431 1206 550 1237 ferrum
565 1212 596 1236 et
611 1216 653 1236 aes
668 1211 789 1244 reperta
810 1204 918 1243 fuisse,
942 1210 1104 1245 postquam
1121 1203 1210 1244 ignes
1233 1203 1350 1244 cogniti
1372 1209 1459 1234 sunt:
1487 1213 1514 1234 v.
1534 1206 1623 1234 1‘240.
1649 1212 1715 1234 non
1737 1203 1812 1235 dicit

314 1262 405 1303 ignes
419 1261 514 1292 fuisse
529 1271 617 1291 arma
631 1261 768 1301 antiqua.
814 1259 982 1289 Horatius:

530 1341 702 1382 Unguibus
716 1348 746 1371 et
762 1341 877 1382 pugnis
892 1339 964 1370 dein
981 1340 1126 1379 fustibus,
1143 1346 1235 1381 atque
1249 1339 1292 1370 ita
1305 1349 1398 1379 porro

530 1400 720 1441 Pugnabant
735 1401 840 1436 armis,
857 1411 928 1440 quae
943 1406 1011 1438 post
1026 1400 1227 1430 fabricaverat
1242 1410 1325 1430 usus.

361 1478 434 1509 Imo
450 1476 595 1517 equidem
612 1485 735 1506 versum
750 1474 919 1505 delendum
935 1484 1055 1511 censeo,
1071 1485 1171 1515 quum
1187 1485 1245 1505 nec
1260 1474 1360 1505 oratio
1375 1484 1432 1504 nec
1447 1472 1601 1504 sententia
1615 1482 1690 1503 sana
1705 1472 1751 1502 sit.
1776 1471 1816 1502 B.

461 1596 549 1624 1289
574 1588 772 1623 Miscebant
788 1587 930 1629 fluctus,
945 1593 980 1621 et
996 1586 1142 1621 volnera
1156 1593 1255 1622 vasta
1271 1587 1445 1627 serebant,

360 1670 458 1711 Lego,

533 1744 712 1775 Miscebant
726 1743 830 1774 luctus
845 1749 876 1774 et
891 1744 1003 1775 funera
1019 1751 1102 1775 vasta
1117 1746 1267 1776 serebant.

359 1832 452 1873 Virg.
471 1832 545 1862 AEn.
562 1831 603 1862 X.
620 1834 692 1862 755.

532 1908 554 1939 J
557 1917 608 1937 arn
624 1907 726 1948 gravis
742 1909 885 1948 aequabat
899 1908 1003 1938 luctus
1017 1914 1048 1938 et
1063 1914 1174 1938 mutua
1191 1908 1322 1938 Mavors

535 1968 669 1998 Funera.

366 2044 448 2075 Ibid.
465 2044 548 2074 XII.
563 2047 636 2075 805.

665 2137 750 2143 -——
765 2120 851 2150 luctu
869 2120 997 2150 miscere
1013 2121 1200 2160 hymenaeoz.

366 2209 480 2239 Noster
495 2207 546 2237 lib.
564 2207 625 2238 VI.
641 2217 668 2237 v.
688 2210 778 2237 1223.

855 2282 965 2312 funera
981 2289 1075 2313 vasta.

368 2370 423 2402 An
438 2368 587 2401 Fluctus?
612 2369 682 2400 vide
697 2379 723 2399 v.
747 2372 836 2399 1434.
882 2369 1063 2408 Euripides:

770 2464 904 2497 «τολεμιος
922 2456 1053 2488 κλυδωνῙ

375 2535 489 2567 Accius
499 2548 505 2566 ε

544 2613 676 2653 Propter
690 2619 722 2643 te
736 2618 783 2643 tot
797 2617 961 2654 tantasque
977 2614 1127 2643 habemus
1144 2612 1300 2643 vastitates
1314 2612 1472 2643 funerum.

474 2732 562 2761 1293
587 2726 766 2773 Versaque
783 2727 818 2761 in
837 2726 1049 2772 opprobrium
1067 2726 1200 2773 specics
1213 2733 1267 2761 est
1282 2725 1380 2760 falcis
1396 2725 1531 2768 ahenae,

373 2805 471 2844 Apud
489 2806 630 2836 Macrob.
654 2806 717 2836 VI.
744 2810 770 2837 1.
792 2809 824 2837 in
841 2808 1020 2837 obscoenum:
1046 2807 1186 2846 profecto
1200 2806 1244 2836 ita
1257 2805 1379 2846 scripsit
1394 2805 1567 2836 Lucretius.
1600 2804 1677 2835 Falx
1693 2815 1779 2836 aenea
1792 2806 1824 2836 in

330 2860 511 2890 obscoenum
536 2871 636 2899 versa,
661 2860 746 2902 quod
778 2861 933 2902 ejusmodi
960 2861 1091 2892 falcibus
1116 2860 1275 2892 beneficiae
1308 2861 1417 2892 noxias
1439 2861 1548 2892 herbas
1571 2860 1725 2891 secabant.
1751 2861 1826 2890 Vir.

330 2914 384 2955 gil.
403 2914 478 2945 AEn.
494 2914 546 2945 lib.
566 2915 625 2946 lv,
643 2926 669 2946 v.
686 2919 759 2947 515.
