1967 3314
588 247 805 297 LIBRI
846 245 1086 298 SEXTI.
1493 256 1585 302 377

94 638 135 667 V.

88 776 144 805 575

87 826 145 854 577

88 875 145 904 578

88 975 145 1005 579

88 1026 146 1051 580

88 1075 143 1100 581

89 1125 146 1150 582

89 1174 147 1200 583

88 1224 147 1250 584·

88 1372 145 1398 585

89 1469 146 1498 586

207 460 409 484 FERRANDUS.

239 585 369 615 Bn'xioe.

215 675 289 704 Sine
300 676 399 707 Anno.

191 776 244 805 per
256 765 348 795 hilum

191 816 324 854 quaedam

193 863 273 893 deest

193 915 316 945 cohorta

193 965 281 994 terrai

193 1016 320 1045 tumultu

198 1065 393 1097 Varsabunda

194 1116 285 1146 altam

195 1166 340 1197 Diffidens

193 1218 274 1257 syria

196 1267 304 1297 Sidone

194 1319 251 1358 aegi

192 1368 404 1408 peloponnesso

193 1428 252 1457 qua

193 1467 354 1498 Disturbat

193 1518 280 1547 urbes

194 1571 369 1597 terremotus

195 1615 315 1646 abortus

195 1669 330 1705 preterea

195 1715 287 1744 multe

198 1765 361 1795 Subsedere

196 1814 309 1844 civibus

196 1863 276 1893 deest

196 1913 259 1942 fera

197 1963 382 2002 Dispertitur

196 2015 230 2040 ut
242 2012 272 2040 in

196 2061 312 2100 penitus

195 2120 261 2139 cum

196 2160 304 2189 invitos

195 2209 283 2238 urbes

197 2262 330 2288 metuunt

197 2305 308 2335 inferne

198 2365 340 2386 cavernas

199 2406 307 2435 Terra'i
320 2416 356 2436 ne

199 2465 324 2485 consusa

198 2503 292 2533 celum

200 2554 242 2583 Et
255 2558 354 2584 tamen

197 2612 319 2642 presens

200 2653 324 2682 Subdita
333 2658 365 2684 et

200 2702 346 2732 Funditus
362 2702 416 2733 &e

198 2751 279 2781 deest
293 2762 399 2782 versus

199 2802 320 2832 Natura.

199 2851 240 2881 sit
252 2856 354 2882 tantus

200 2901 304 2931 imbris

204 2951 282 2983 Vox„
301 2951 361 2983 IV.

456 429 578 451 PAULUS
590 430 724 452 PRIDEN-
749 433 940 454 'tutononvs
954 433 996 453 DE

522 484 658 505 PERGER.

477 1067 661 1097 Vesabunda

476 1115 567 1146 altam

478 1167 623 1197 Diffidens

477 1216 557 1256 syria

472 1265 588 1305 sydone

477 1315 534 1356 aegi

479 1364 682 1405 Peloponneso

477 1423 536 1453 qua

477 1464 638 1497 Disturbat

466 1531 470 1535 -
477 1516 564 1546 urbes

477 1570 652 1597 terremotus

478 1616 515 1644 ab
529 1621 611 1645 ortus

478 1669 624 1704 praeterea

430 1721 432 1723 ’
479 1713 569 1743 multe

481 1763 540 1792 Sub
554 1763 656 1793 sedere

475 1811 593 1842 civibus

479 1866 511 1891 et

478 1911 541 1941 seta

480 1960 651 2000 Disperitur

436 2021 438 2023 ’
479 2009 555 2039 utin

479 2059 606 2098 poenitus

479 2118 548 2147 qum

480 2158 510 2187 in
525 2158 603 2188 viros

439 2215 449 2223 ··
481 2207 562 2236 urbis

481 2256 561 2286 deest

482 2305 593 2336 inferne

484 2356 632 2386 cariemas

484 2405 615 2434 Ter-rave

483 2454 606 2484 confusa.

484 2502 587 2532 caelum

486 2552 528 2581 Et
541 2555 639 2582 tamen

485 2612 614 2641 praesens

487 2650 611 2680 Subdita
624 2655 655 2680 et

486 2700 566 2729 deest
579 2710 684 2730 versus

487 2750 567 2779 deest
580 2761 682 2780 versus

488 2800 607 2830 Natura

485 2850 526 2880 sit
539 2854 642 2881 tantus

486 2900 587 2931 imbris

757 488 990 509 RAGAzoNIBus.

807 590 947 620 Venetiis.

835 683 919 711 1495.

756 780 808 809 per
821 768 914 799 hilum

757 818 889 858 quaedam

756 867 837 897 deest

758 922 859 948 coorta

758 971 839 996 terra

757 1017 885 1047 tumultu

759 1067 956 1097 Versabunda

757 1116 849 1146 altam

761 1166 906 1196 Diffidens

759 1215 841 1255 syria

759 1265 870 1304 sydone

760 1314 817 1354 aegi

762 1363 966 1403 Peloponneso

759 1423 819 1452 qua

762 1463 922 1493 Disturbat

760 1512 847 1542 urbes

759 1566 936 1592 terremotus

761 1611 798 1640 ab
812 1616 896 1641 ortus

760 1664 907 1699 praeterea

761 1710 861 1740 multae

764 1761 824 1790 Sub
837 1760 940 1790 sedere

761 1810 874 1840 civibus

761 1866 793 1891 et

761 1910 825 1940 feta

764 1959 934 1999 Disperitur

764 2013 796 2038 ut
811 2010 841 2038 in

764 2058 892 2099 poenitus

763 2119 833 2148 qum

763 2157 793 2186 in
807 2157 885 2187 viros

763 2206 845 2235 urbis

764 2255 845 2285 deest

764 2306 876 2336 inferne

765 2356 914 2385 cariemas

767 2405 899 2433 Ten-ave

767 2453 890 2484 confusa

768 2502 870 2531 caelum

770 2551 812 2580 Et
822 2555 923 2580 tamen

768 2611 897 2641 praesens

769 2650 894 2680 Subdita
907 2655 938 2680 et

769 2700 849 2729 deest
860 2710 966 2729 versus

769 2749 850 2779 deest
862 2760 966 2780 versus

770 2800 889 2829 Natura

769 2850 809 2879 sit
826 2853 927 2880 tantus

770 2901 870 2931 imbris

846 2956 866 2982 5
882 2953 909 2983 Β

1332 407 1374 428 Ex
1390 408 1554 432 TYPOGRA-

1305 460 1386 481 PHIA
1399 461 1578 486 socOETATKS

1340 515 1533 538 BlroN'rmAE.

1375 585 1510 626 Biponti.

1404 681 1486 710 1782.

1326 766 1470 805 perhilum

1326 815 1459 854 quaedam

1325 875 1345 894 a

1326 919 1427 946 coorta

1326 965 1416 995 terrai

1326 1015 1454 1046 tumultu

1324 1064 1581 1107 versabundaque

1327 1119 1422 1145 artam

1044 1167 1209 1199 Diffindens
1328 1165 1493 1197 Diffindens

1045 1217 1131 1257 Syria
1328 1215 1421 1256 Tyria

1042 1267 1162 1306 Sydone
1328 1264 1438 1295 Sidone

1044 1317 1101 1356 aegi
1328 1316 1416 1355 AEgis

1046 1366 1250 1407 Peloponneso
1325 1364 1534 1405 'Peloponneso

1045 1426 1119 1456 quas
1329 1425 1403 1454 quas

1047 1466 1263 1506 Disturbatque
1331 1465 1492 1496 Disturbat

1045 1516 1144 1546 urbeis
1330 1515 1429 1544 urbeis

1045 1569 1135 1594 terrae
1148 1569 1245 1595 motus
1330 1568 1416 1593 terrae
1429 1568 1526 1595 motus

1047 1615 1169 1644 abortus
1327 1612 1450 1642 'obortus

1046 1668 1189 1704 praeterea
1330 1666 1472 1701 praeterea

1047 1713 1150 1743 multae
1330 1712 1429 1741 multae

1048 1763 1201 1793 subsidere
1332 1762 1494 1791 Subsedere

1047 1814 1159 1844 civibus
1331 1811 1444 1842 civibus

1047 1862 1127 1892 deest
1330 1861 1411 1890 deest

1047 1911 1110 1941 sera
1330 1911 1394 1941 sera

1049 1961 1233 2002 Dispertjtur
1332 1961 1518 2000 Dispertitur

1047 2010 1091 2039 uti
1333 2014 1366 2040 ut
1378 2010 1409 2039 in

1047 2060 1165 2100 penitus
1332 2059 1449 2100 penitus

1047 2119 1113 2138 cum
1333 2120 1398 2138 cum

1048 2158 1156 2188 invitos
1333 2159 1442 2190 invitos

1048 2207 1146 2236 urbeis
1332 2209 1430 2238 urbeis

1049 2260 1184 2286 metuunt
1332 2263 1468 2289 metuunt

1049 2305 1163 2335 inferna
1333 2309 1446 2338 inferne

1050 2365 1192 2384 cavernas
1333 2368 1475 2388 cavernas

1050 2410 1136 2434 terrae
1149 2415 1185 2434 ne
1335 2408 1442 2437 Terra'l'
1454 2418 1490 2437 ne

1050 2453 1173 2483 confusa
1334 2457 1458 2487 confusa

1052 2505 1156 2534 coelum
1334 2506 1439 2536 coelum

1054 2555 1096 2584 Et
1108 2559 1207 2585 tamen
1336 2558 1478 2586 Attamen

1052 2614 1182 2644 praesens
1335 2605 1469 2645 prae'sens

1056 2654 1163 2684 subdit
1175 2658 1206 2685 et
1337 2656 1476 2686 Subditat

1056 2703 1202 2733 Funditus
1215 2704 1273 2734 &c-
1338 2705 1484 2736 Funditus
1496 2707 1551 2737 διο.

1053 2753 1134 2784 deest
1145 2765 1252 2784 versus
1337 2755 1426 2784 Nunc
1442 2756 1518 2786 ratio
1531 2756 1587 2786 &c.

1054 2803 1202 2833 Naturam
1337 2805 1484 2835 Naturam

1053 2852 1094 2882 sit
1107 2856 1209 2884 tantus
1336 2854 1432 2884 tantu'
1445 2855 1510 2886 fuat

1052 2901 1170 2933 imbreis
1335 2904 1454 2935 imbreis
