1967 3314
346 245 441 286 390

385 1059 442 1087 955

349 1226 357 1230 -
388 1201 445 1233 956

387 1352 443 1381 957

391 1650 448 1679 958

393 1750 449 1779 959

393 1796 450 1828 962

393 1896 450 1927 963

395 1994 452 2025 964

396 2092 453 2123 965

362 2210 365 2212 -
397 2190 454 2222 966

397 2240 454 2272 968

398 2290 456 2321 969

399 2342 457 2370 970

399 2390 454 2420 971

401 2637 458 2666 972

400 2833 457 2862 973

524 1107 589 1126 cum

486 449 687 471 rmumnnus.

803 468 937 489 πηοεν..
1044 467 1279 488 RAGAzoNIBus.

1632 499 1661 518 m
1666 499 1826 520 rowrmAE.

528 575 657 605 Bn‘xiae.
811 574 942 604 Veronae.
1093 570 1229 600 Venetiie.
1375 569 1511 600 Venetiis.
1664 569 1799 610 Biponti.

500 665 573 694 Sine
585 666 685 694 Anno.
842 668 855 693 1
861 665 928 693 486.
951 686 957 693 .
1402 667 1486 693 1500.
1682 663 1695 688 1
1701 664 1716 692 7
1721 663 1765 690 82.

486 763 633 793 vaporque
768 763 915 791 vaporque
1049 760 1196 790 vaporque
1331 762 1478 791 vaporque
1612 756 1762 785 vaposque

486 803 536 842 qui
768 802 818 840 qui
1051 799 1101 837 qui
1332 801 1383 840 qui
1613 795 1682 833 quin

488 851 585 880 silevit
769 850 880 878 stnevit
1052 850 1164 879 stnevit
1334 861 1366 879 su
1371 850 1427 880 erit
1614 843 1712 874 S'l'levit

490 900 626 938 Denique
772 898 907 938 Denique
1054 899 1190 937 Denique
1335 899 1472 938 Denique
1617 893 1751 933 Undique

490 949 558 977 colli
771 947 839 977 colli
1055 946 1121 975 colli
1335 947 1403 976 coni
1615 953 1722 983 corpus

491 998 628 1027 cohercet
772 1000 888 1028 coe'rcet
1056 1000 1154 1025 coeret
1336 997 1464 1026 cohmret
1615 994 1731 1023 coercet

492 1047 594 1086 visque
619 1047 705 1076 simul
773 1049 877 1088 visque
901 1047 987 1077 simul

494 1146 649 1176 nsinuatur
776 1149 942 1179 insinuatur

623 235 1079 284 VARIANTES
1126 233 1563 282 LECTIONES

1607 392 1647 412 EX
1665 392 1829 414 TYPOGRA-

741 416 861 436 PAULUS
873 413 1010 434 mumm—
1035 414 1226 435 THEODORUS
1242 410 1282 434 1³)ss

1590 445 1664 465 PHIA
1681 446 1735 465 SOC
1739 445 1844 467 lz'rA'u

1057 1046 1160 1084 visque
1184 1045 1270 1074 simul

1089 1105 1155 1124 cum

1337 1047 1440 1085 visque
1464 1045 1548 1075 simul

1367 1106 1432 1125 cum

1619 1043 1663 1072 vis
1675 1052 1860 1083 quaecunque

807 1111 871 1130 cum

1617 1142 1782 1172 insinuatur

1057 1145 1223 1174 insinuatur
1338 1146 1503 1175 insinuatur

493 1199 701 1235 tempestatem
776 1202 984 1238 tempestatem
1057 1198 1263 1234 tempestatem
1339 1199 1532 1235 tempestates
1618 1196 1810 1231 tempestates

493 1245 622 1284 caequue
777 1249 906 1288 caeloque
1059 1243 1189 1283 caeloque
1339 1246 1467 1285 caeloque
1619 1241 1748 1281 coeloque

494 1294 616 1323 cohorta
777 1304 879 1329 coorta
1340 1300 1449 1325 coortae
1619 1295 1727 1321 000¹OE

497 1342 533 1371 1¹¹
779 1349 814 1377 1n
1341 1344 1370 1373 in
1622 1340 1647 1368 E

495 1393 601 1422 caehlm
778 1397 880 1426 caelum
1341 1393 1442 1422 caelum
1621 1388 1693 1418 coelo

494 1442 574 1471 deest
777 1445 857 1475 deest
1341 1442 1421 1471 deest
1619 1444 1723 1469 emotae

494 1496 648 1530 terrasque
778 1500 915 1532 terraque
1062 1496 1199 1530 terraque
1341 1496 1494 1530 terrasque
1620 1493 1757 1528 terraque

498 1546 618 1570 remotae
778 1547 897 1572 remotae
1063 1544 1172 1570 remote
1344 1545 1463 1570 remotae
1622 1542 1741 1576 repente

489 1593 557 1632 jure
779 1592 808 1621 in
821 1602 854 1620 re
1062 1591 1092 1620 in
1107 1601 1137 1619 re
1336 1591 1404 1629 jure
1622 1585 1702 1615 (182⁸ss

489 1641 623 1674 -Quando
633 1640 749 1679 quidem
780 1641 906 1675 Quando
916 1639 1032 1680 quidem
1062 1639 1188 1674 Quando
1198 1639 1314 1678 quidem
1341 1640 1584 1680 Quandoquidem
1623 1635 1863 1676 Quanquuidem

498 1690 555 1720 nisi
781 1690 838 1720 nisi
1062 1691 1119 1720 nisi
1344 1688 1403 1719 nisi
1623 1695 1680 1714 non

497 1750 566 1781 quae
780 1751 836 1780 que
1063 1750 1119 1779 que
1343 1750 1409 1779 quae
1623 1746 1690 1775 quae

498 1801 557 1831 quo
781 1801 840 1830 quo
1012 1787 1015 1792 “
1064 1800 1122 1830 quo
1345 1790 1395 1819 Sol
1626 1786 1674 1815 Sol

498 1851 534 1870 ex
549 1839 672 1880 quoquit
723 1832 728 1839 ⁸
781 1838 922 1877 excoquit
1064 1839 1202 1878 excoquit
1343 1839 1482 1879 excoquit
1623 1835 1760 1875 excoquit

500 1890 549 1919 Ad
782 1889 831 1918 Ad
1065 1890 1114 1919 Ad
1345 1892 1390 1918 At
1625 1889 1670 1916 At

501 1940 578 1969 altas
782 1938 858 1967 altas
1066 1940 1143 1969 altas
1345 1938 1422 1968 altas
1625 1935 1685 1965 alte

502 1990 667 2018 Exn-netas
785 1988 943 2017 Extinctas
1068 1989 1226 2018 Extinctas
1347 1992 1557 2027 extructasque
1626 1985 1805 2015 Exstructas

501 2039 584 2068 nives
784 2037 866 2065 nives
1066 2039 1148 2068 nives
1344 2038 1438 2068 niveis
1625 2035 1758 2075 ningueis

501 2097 581 2118 caera
783 2095 851 2114 cera
1066 2099 1134 2117 cera
1345 2099 1422 2117 caera
1623 2095 1691 2114 cera

503 2137 659 2176 inmiposta
784 2135 814 2163 in
830 2134 875 2162 nis
887 2133 987 2173 posita
1067 2138 1095 2166 in
1111 2137 1156 2166 nis
1173 2137 1268 2177 posita
1347 2138 1376 2166 in
1391 2137 1467 2177 ignis
1481 2142 1566 2177 posta
1625 2135 1653 2164 in
1667 2136 1730 2175 ejus
1751 2140 1836 2175 posta

503 2186 591 2216 facile
604 2196 648 2216 aes
785 2184 902 2213 favilies
1066 2185 1183 2216 faviiies
1348 2186 1434 2215 facile
1448 2196 1489 2215 ωε
1624 2185 1696 2214 facit
1708 2195 1748 2214 aes

503 2247 590 2276 aquae
786 2245 861 2274 aque
1067 2248 1142 2276 aque
1625 2245 1708 2273 aquae

505 2288 549 2316 At
789 2285 830 2313 Et
1069 2289 1112 2316 At
1625 2286 1669 2312 At

504 2347 540 2366 eo
553 2335 635 2365 vivat
786 2337 904 2363 comnat
1069 2341 1185 2366 comnat
1347 2346 1381 2364 eo
1390 2336 1476 2374 juvat
1624 2344 1660 2362 eo
1669 2333 1757 2372 juvat

507 2385 607 2414 Efluat
790 2383 899 2412 Effluat
1071 2385 1180 2414 Effluat
1346 2383 1445 2413 effluat
1629 2382 1751 2412 Diffluat

505 2434 666 2464 ambrosias
788 2433 949 2463 ambrosias
1069 2434 1230 2464 ambrosias
1347 2433 1519 2463 ambrosiam
1552 2443 1556 2448 ’
1625 2432 1770 2462 ambrosia

506 2493 576 2512 vero
789 2493 859 2512 nero
1070 2495 1140 2513 nero
1348 2494 1416 2512 vero
1625 2492 1694 2512 vero

506 2536 607 2562 nectar
620 2536 652 2562 et
788 2536 890 2561 nectar
901 2535 933 2561 et
1070 2537 1173 2563 nectar
1185 2536 1216 2562 et
1348 2537 1466 2562 nectare
1624 2536 1742 2562 nectare

506 2582 585 2612 intus
789 2582 869 2611 nitus
1073 2583 1152 2612 intus
1624 2581 1734 2611 tinctus

505 2632 574 2665 Qua
788 2631 856 2665 Qua
1069 2632 1137 2665 Qua
1625 2632 1669 2660 At

505 2681 583 2720 quod
609 2682 638 2710 in
660 2680 738 2710 arvis
788 2679 866 2719 quod
894 2680 1001 2709 marius
1070 2680 1146 2720 quod
1172 2680 1280 2710 marius
1624 2679 1725 2709 fronde
1733 2679 1787 2708 hac
1797 2678 1873 2717 quod

537 2730 672 2760 frondeat
819 2730 922 2760 fronde
935 2740 970 2760 ac
1104 2730 1206 2760 fronde
1223 2741 1256 2759 ac
1379 2731 1506 2760 amarius
1655 2728 1780 2757 amarius

505 2785 588 2810 extet
787 2785 870 2810 extet
1069 2784 1151 2809 extet
1347 2786 1430 2811 extet
1623 2782 1721 2808 exstet

503 2830 661 2860 amaricum
788 2830 926 2860 maricum
1068 2829 1206 2859 maricum
1349 2832 1535 2862 amaricinum
1625 2829 1820 2860 amaracinum

503 2877 549 2908 sur
560 2884 594 2909 et
787 2885 870 2910 suret
1067 2883 1148 2910 suret
1336 2890 1401 2918 ¹sus
1415 2885 1446 2911 et
1628 2889 1678 2909 sus
1691 2883 1722 2909 et
