1967 3314
335 265 429 305 282

613 257 1068 306 VARIANTES
1113 255 1460 306 LECTION
1475 257 1555 305 ES

472 470 674 492 minumus.

457 1067 593 1098 videntur

456 1121 488 1147 et

456 1167 592 1198 diurnum

456 1216 552 1246 celum

455 1271 570 1296 montes

455 1716 582 1750 querunt

456 1761 663 1801 Nequicquam

454 1821 540 1849 quem

455 1859 588 1890 Provisis

452 1919 518 1948 quie

453 1958 589 1988 sensibus

453 2010 501 2036 est

453 2055 532 2084 deest

452 2115 606 2135 secernere

453 2154 502 2183 Ab

451 2203 567 2234 animus

452 2253 536 2283 addit

452 2302 522 2332 sciri

452 2362 511 2391 quo

452 2401 492 2431 nil

455 2451 484 2480 H
489 2462 543 2481 unc

450 2506 581 2531 mutuam

451 2551 589 2581 instatuit

451 2612 481 2630 re
495 2612 527 2631 se

449 2651 578 2685 Queram

450 2710 516 2730 cum

451 2750 523 2780 nihil

452 2800 528 2837 quod

387 2852 401 2872 Ω.
454 2848 481 2876 1<
484 2848 601 2878 «niciam

451 2897 481 2926 N
483 2897 601 2928 oticiam

726 438 846 458 munus
863 437 998 458 raimm-
1023 437 1214 458 ‘rimononus
1228 437 1269 457 nt

790 491 928 512 remma.

799 594 929 629 Veronae.

819 689 903 717 1486.

742 1070 879 1101 videntur

742 1126 776 1151 ut

742 1171 873 1202 divinum

743 1221 849 1251 caelum

743 1276 858 1301 montes

740 1718 877 1753 quaerunt

742 1763 950 1804 Neqiuequam

740 1813 811 1852 quin

742 1862 876 1893 Provisis

740 1921 797 1950 que

739 1960 876 1992 sensibus

735 2511 866 2536 mutuam

736 2556 874 2586 instatuit

735 2615 800 2634 rese

735 2655 872 2687 Quaeram

734 2713 803 2742 qum

735 2753 808 2783 nihil

733 2803 804 2842 quid

735 2851 883 2882 Notitiam

734 2900 882 2931 Notitiam

1606 416 1624 435 Ε
1628 415 1646 435 Χ
1658 415 1760 435 TYroc
1765 415 1823 436 RA-

1579 470 1655 490 mim
1672 469 1852 490 somn-Ans

1621 524 1816 545 mroN'riNAE.

1030 490 1265 512 nomomens-
1370 471 1483 492 ‘unus’

1363 592 1499 623 Veneriis.

1085 595 1222 625 Venetiie.

1393 686 1405 710 1
1410 686 1474 712 500.

1314 783 1379 802 cum

1314 827 1348 852 nt

1313 881 1379 910 quie

1315 919 1405 948 aedeis

1315 968 1459 1007 dupliceis

1313 1017 1397 1047 nobis

1314 1066 1446 1096 videmur

1030 1314 1154 1344 Mutare

1028 1364 1160 1394 videmus

1027 1413 1108 1444 deest
1311 1418 1344 1443 et

1026 1464 1134 1494 montis

1596 1368 1729 1398 videmur

1595 1417 1676 1447 deest

1597 1467 1692 1497 noctis

1026 1525 1096 1553 qum
1312 1524 1377 1543 cum
1596 1527 1663 1546 cum

1027 1564 1144 1593 Caetera
1312 1563 1427 1592 Caetem

1025 1613 1160 1643 miranda
1312 1611 1444 1641 mirando

1026 1662 1093 1696 Que
1311 1661 1386 1695 Quoe

1025 1715 1161 1751 qua-:runt
1311 1713 1449 1749 quaemnt

1027 1762 1094 1792 Nee
1107 1762 1262 1803 quicquam
1311 1759 1504 1799 nequicquam
1598 1763 1805 1803 Nequidquam

1025 1812 1095 1851 quin
1310 1811 1448 1849 quoniam
1595 1813 1733 1852 quoniam

1026 1862 1159 1892 Provisis
1310 1860 1437 1900 provisis
1596 1863 1657 1892 Pro
1669 1863 1742 1894 visis

1025 1921 1090 1950 quae
1310 1921 1375 1950 quae
1593 1923 1659 1953 quin

1025 1961 1161 1991 sensibus
1312 1960 1448 1990 sensibus
1593 1962 1723 1993 sensibu’

1023 2014 1073 2039 est
1309 2009 1389 2039 deest
1593 2012 1674 2041 deest

1023 2058 1103 2088 deest
1309 2065 1356 2090 est
1592 2061 1673 2090 deest
1726 2080 1729 2083 ,

1023 2118 1143 2138 cernere
1308 2119 1427 2139 <femere

1591 2119 1743 2140 secernere

1024 2157 1073 2186 Ab
1308 2159 1357 2188 Ab
1592 2161 1620 2189 A

1025 2205 1130 2236 animis
1305 2207 1420 2238 animus
1590 2209 1704 2238 animus

1022 2256 1105 2286 addit
1306 2256 1388 2286 abdit
1589 2257 1673 2287 addit

1021 2305 1097 2334 scire
1305 2306 1374 2335 sciri
1589 2306 1659 2336 sciri

1021 2365 1078 2393 que
1305 2364 1363 2393 quo
1590 2356 1640 2395 qui

1021 2403 1095 2433 nihil
1305 2403 1347 2433 nil
1590 2405 1631 2435 nil

1023 2453 1113 2483 Nunc
1305 2463 1381 2482 nunc
1593 2456 1621 2484 H
1626 2465 1682 2485 uno

1019 2513 1046 2531 m
1051 2507 1150 2532 utuam
1307 2503 1423 2533 mittam
1589 2505 1705 2535 mittam

1018 2551 1155 2582 instatuit
1304 2553 1437 2584 instituit
1589 2555 1719 2585 institnit

1019 2612 1084 2631 rese
1303 2607 1382 2632 retro
1588 2609 1668 2634 retro

1019 2651 1156 2686 Quaeram
1305 2652 1441 2686 Quaeram
1588 2654 1724 2688 Quaeram

1019 2712 1088 2740 qum
1303 2712 1369 2731 cum
1587 2713 1674 2742 quom

1020 2753 1093 2783 nihil
1303 2751 1343 2780 nil
1587 2751 1627 2780 nii

1019 2813 1056 2841 qn
1061 2802 1089 2831 id
1303 2800 1374 2839 quid
1586 2799 1657 2839 quid

1022 2850 1095 2880 Noti
1099 2851 1170 2881 tiam
1304 2849 1454 2878 Notitiam
1588 2848 1616 2878 N
1621 2848 1734 2878 otitiam

1022 2900 1170 2931 Notitiam
1303 2898 1453 2929 Notitiam
1587 2897 1734 2927 Notitiam

1026 2959 1045 2968 n·-

1023 2969 1043 2985 0
