<?xml version="1.0" encoding="UTF-8"?>
<!DOCTYPE html PUBLIC "-//W3C//DTD XHTML 1.0 Transitional//EN"
    "http://www.w3.org/TR/xhtml1/DTD/xhtml1-transitional.dtd">
<html xmlns="http://www.w3.org/1999/xhtml" xml:lang="en" lang="en">
 <head>
  <title>
</title>
<meta http-equiv="Content-Type" content="text/html;charset=utf-8" />
  <meta name='ocr-system' content='tesseract 3.04.00' />
  <meta name='ocr-capabilities' content='ocr_page ocr_carea ocr_par ocr_line ocrx_word'/>
</head>
<body>
  <div class='ocr_page' id='page_1' title='image "./tlucretiicarider04lucruoft_0479.png"; bbox 0 0 1967 3314; ppageno 0'>
   <div class='ocr_carea' id='block_1_1' title="bbox 278 220 1565 273">
    <p class='ocr_par' dir='ltr' id='par_1_1' title="bbox 278 220 1565 273">
     <span class='ocr_line' id='line_1_1' title="bbox 278 220 1565 273; baseline -0.003 -1"><span class='ocrx_word' id='word_1_1' title='bbox 278 220 896 273; x_wconf 89' lang='lat' dir='ltr'><strong>ANNOTATIONES</strong></span> <span class='ocrx_word' id='word_1_2' title='bbox 942 220 1334 271; x_wconf 84' lang='lat' dir='ltr'><strong>BENTLEII.</strong></span> <span class='ocrx_word' id='word_1_3' title='bbox 1476 229 1565 268; x_wconf 81' lang='lat'>441</span> 
     </span>
    </p>
   </div>
   <div class='ocr_carea' id='block_1_2' title="bbox 76 352 1569 452">
    <p class='ocr_par' dir='ltr' id='par_1_2' title="bbox 76 352 1569 452">
     <span class='ocr_line' id='line_1_2' title="bbox 121 352 1569 397; baseline -0.003 -9"><span class='ocrx_word' id='word_1_4' title='bbox 121 358 264 397; x_wconf 82' lang='lat' dir='ltr'>Utroque</span> <span class='ocrx_word' id='word_1_5' title='bbox 281 356 350 386; x_wconf 93' lang='lat' dir='ltr'>loco</span> <span class='ocrx_word' id='word_1_6' title='bbox 364 355 387 387; x_wconf 83' lang='lat' dir='ltr'>J</span> <span class='ocrx_word' id='word_1_7' title='bbox 388 366 430 386; x_wconf 90' lang='lat' dir='ltr'>os.</span> <span class='ocrx_word' id='word_1_8' title='bbox 447 355 587 396; x_wconf 79' lang='lat' dir='ltr'>Scaliger</span> <span class='ocrx_word' id='word_1_9' title='bbox 600 355 724 395; x_wconf 84' lang='lat' dir='ltr'><strong>reponit</strong></span> <span class='ocrx_word' id='word_1_10' title='bbox 739 356 923 387; x_wconf 83' lang='lat' dir='ltr'><strong><em>Caussarum</em></strong></span> <span class='ocrx_word' id='word_1_11' title='bbox 937 360 970 386; x_wconf 80' lang='lat' dir='ltr'>et</span> <span class='ocrx_word' id='word_1_12' title='bbox 983 353 1132 395; x_wconf 80' lang='lat' dir='ltr'>intelligit</span> <span class='ocrx_word' id='word_1_13' title='bbox 1149 354 1231 394; x_wconf 78' lang='lat' dir='ltr'>Opus</span> <span class='ocrx_word' id='word_1_14' title='bbox 1245 352 1396 393; x_wconf 85' lang='lat' dir='ltr'>Lucretii,</span> <span class='ocrx_word' id='word_1_15' title='bbox 1418 361 1483 384; x_wconf 88' lang='lat' dir='ltr'>non</span> <span class='ocrx_word' id='word_1_16' title='bbox 1498 352 1569 390; x_wconf 90' lang='lat' dir='ltr'>hoc,</span> 
     </span>
     <span class='ocr_line' id='line_1_3' title="bbox 76 409 845 452; baseline -0.001 -9"><span class='ocrx_word' id='word_1_17' title='bbox 76 412 131 443; x_wconf 54' lang='lat' dir='ltr'>§ed</span> <span class='ocrx_word' id='word_1_18' title='bbox 145 411 231 442; x_wconf 87' lang='lat' dir='ltr'>aliud</span> <span class='ocrx_word' id='word_1_19' title='bbox 247 416 398 442; x_wconf 81' lang='lat' dir='ltr'>vetustate</span> <span class='ocrx_word' id='word_1_20' title='bbox 413 409 576 441; x_wconf 84' lang='lat' dir='ltr'>abolitum.</span> <span class='ocrx_word' id='word_1_21' title='bbox 611 410 713 451; x_wconf 89' lang='lat' dir='ltr'><strong>Euge!</strong></span> <span class='ocrx_word' id='word_1_22' title='bbox 739 410 845 452; x_wconf 88' lang='lat' dir='ltr'>Euge!</span> 
     </span>
    </p>
   </div>
   <div class='ocr_carea' id='block_1_3' title="bbox 117 516 1231 629">
    <p class='ocr_par' dir='ltr' id='par_1_3' title="bbox 117 516 1231 629">
     <span class='ocr_line' id='line_1_4' title="bbox 241 516 1231 566; baseline -0.001 -12"><span class='ocrx_word' id='word_1_23' title='bbox 241 526 305 554; x_wconf 81' lang='lat'>102</span> <span class='ocrx_word' id='word_1_24' title='bbox 329 520 366 554; x_wconf 96' lang='lat' dir='ltr'>N</span> <span class='ocrx_word' id='word_1_25' title='bbox 367 531 407 555; x_wconf 91' lang='lat' dir='ltr'>ec</span> <span class='ocrx_word' id='word_1_26' title='bbox 422 525 541 554; x_wconf 85' lang='lat' dir='ltr'>tamen</span> <span class='ocrx_word' id='word_1_27' title='bbox 556 519 647 555; x_wconf 86' lang='lat' dir='ltr'>hanc</span> <span class='ocrx_word' id='word_1_28' title='bbox 663 519 776 566; x_wconf 81' lang='lat' dir='ltr'>possis</span> <span class='ocrx_word' id='word_1_29' title='bbox 793 518 976 555; x_wconf 84' lang='lat' dir='ltr'>oculorum</span> <span class='ocrx_word' id='word_1_30' title='bbox 992 516 1141 553; x_wconf 84' lang='lat' dir='ltr'><strong>subdere</strong></span> <span class='ocrx_word' id='word_1_31' title='bbox 1154 516 1231 553; x_wconf 85' lang='lat' dir='ltr'>visu</span> 
     </span>
     <span class='ocr_line' id='line_1_5' title="bbox 117 588 344 629; baseline -0.009 -9"><span class='ocrx_word' id='word_1_32' title='bbox 117 588 324 629; x_wconf 88' lang='lat' dir='ltr'>Empedocles</span> <span class='ocrx_word' id='word_1_33' title='bbox 337 600 344 618; x_wconf 75' lang='grc' dir='ltr'><strong>ι</strong></span> 
     </span>
    </p>
   </div>
   <div class='ocr_carea' id='block_1_4' title="bbox 285 662 1009 765">
    <p class='ocr_par' dir='ltr' id='par_1_4' title="bbox 285 662 1009 765">
     <span class='ocr_line' id='line_1_6' title="bbox 287 662 982 703; baseline -0.001 -9"><span class='ocrx_word' id='word_1_34' title='bbox 287 665 346 694; x_wconf 79' lang='grc' dir='ltr'>Οὐκ</span> <span class='ocrx_word' id='word_1_35' title='bbox 362 665 421 694; x_wconf 70' lang='grc' dir='ltr'>ἐστι</span> <span class='ocrx_word' id='word_1_36' title='bbox 436 665 606 695; x_wconf 70' lang='grc' dir='ltr'><strong><em>πελασασ4’</em></strong></span> <span class='ocrx_word' id='word_1_37' title='bbox 619 662 658 695; x_wconf 59' lang='lat'>&amp;3’</span> <span class='ocrx_word' id='word_1_38' title='bbox 675 665 856 703; x_wconf 72' lang='grc' dir='ltr'>ὄφέαλμοισιν</span> <span class='ocrx_word' id='word_1_39' title='bbox 872 664 982 703; x_wconf 67' lang='grc' dir='ltr'>ἔφιητον</span> 
     </span>
     <span class='ocr_line' id='line_1_7' title="bbox 285 723 1009 765; baseline -0.004 -12"><span class='ocrx_word' id='word_1_40' title='bbox 285 724 454 765; x_wconf 70' lang='grc' dir='ltr'><em>Ἥμετερως,</em></span> <span class='ocrx_word' id='word_1_41' title='bbox 479 725 494 756; x_wconf 71' lang='grc' dir='ltr'><strong><em>ᾖ</em></strong></span> <span class='ocrx_word' id='word_1_42' title='bbox 508 735 593 764; x_wconf 70' lang='grc' dir='ltr'><em>χερσι</em></span> <span class='ocrx_word' id='word_1_43' title='bbox 608 726 716 759; x_wconf 74' lang='grc' dir='ltr'><strong><em>λαβειν,</em></strong></span> <span class='ocrx_word' id='word_1_44' title='bbox 736 723 751 755; x_wconf 70' lang='grc' dir='ltr'>ἡ</span> <span class='ocrx_word' id='word_1_45' title='bbox 767 734 819 765; x_wconf 60' lang='grc' dir='ltr'>περ</span> <span class='ocrx_word' id='word_1_46' title='bbox 835 734 866 752; x_wconf 68' lang='grc' dir='ltr'>τε</span> <span class='ocrx_word' id='word_1_47' title='bbox 881 732 1009 761; x_wconf 65' lang='grc' dir='ltr'>μεγαστη</span> 
     </span>
    </p>
   </div>
   <div class='ocr_carea' id='block_1_5' title="bbox 289 782 1016 824">
    <p class='ocr_par' dir='ltr' id='par_1_5' title="bbox 289 782 1016 824">
     <span class='ocr_line' id='line_1_8' title="bbox 289 782 1016 824; baseline -0.004 -12"><span class='ocrx_word' id='word_1_48' title='bbox 289 784 390 816; x_wconf 65' lang='lat' dir='ltr'>necess</span> <span class='ocrx_word' id='word_1_49' title='bbox 406 783 581 824; x_wconf 64' lang='grc' dir='ltr'>οὶνθξωποισιν</span> <span class='ocrx_word' id='word_1_50' title='bbox 596 783 735 821; x_wconf 69' lang='grc' dir='ltr'>ἁμαξιτος</span> <span class='ocrx_word' id='word_1_51' title='bbox 754 782 789 814; x_wconf 74' lang='grc' dir='ltr'>εἷς</span> <span class='ocrx_word' id='word_1_52' title='bbox 807 788 890 823; x_wconf 64' lang='grc' dir='ltr'><strong><em>Φρεναι</em></strong></span> <span class='ocrx_word' id='word_1_53' title='bbox 907 792 1016 811; x_wconf 72' lang='grc' dir='ltr'><em>πιπτει.</em></span> 
     </span>
    </p>
   </div>
   <div class='ocr_carea' id='block_1_6' title="bbox 240 875 1455 925">
    <p class='ocr_par' dir='ltr' id='par_1_6' title="bbox 240 875 1455 925">
     <span class='ocr_line' id='line_1_9' title="bbox 240 875 1455 925; baseline -0.003 -11"><span class='ocrx_word' id='word_1_54' title='bbox 240 886 302 914; x_wconf 79' lang='grc'>138</span> <span class='ocrx_word' id='word_1_55' title='bbox 329 879 487 913; x_wconf 89' lang='lat' dir='ltr'>Tandem</span> <span class='ocrx_word' id='word_1_56' title='bbox 502 879 539 914; x_wconf 91' lang='lat' dir='ltr'>in</span> <span class='ocrx_word' id='word_1_57' title='bbox 557 879 681 915; x_wconf 90' lang='lat' dir='ltr'>eodem</span> <span class='ocrx_word' id='word_1_58' title='bbox 697 878 851 922; x_wconf 86' lang='lat' dir='ltr'>homine,</span> <span class='ocrx_word' id='word_1_59' title='bbox 867 884 974 925; x_wconf 85' lang='lat' dir='ltr'>atque</span> <span class='ocrx_word' id='word_1_60' title='bbox 990 877 1027 913; x_wconf 90' lang='lat' dir='ltr'>in</span> <span class='ocrx_word' id='word_1_61' title='bbox 1045 875 1171 913; x_wconf 88' lang='lat' dir='ltr'>eodem</span> <span class='ocrx_word' id='word_1_62' title='bbox 1188 886 1271 913; x_wconf 83' lang='lat' dir='ltr'>vase</span> <span class='ocrx_word' id='word_1_63' title='bbox 1286 881 1455 912; x_wconf 85' lang='lat' dir='ltr'>maneret.</span> 
     </span>
    </p>
   </div>
   <div class='ocr_carea' id='block_1_7' title="bbox 117 947 865 990">
    <p class='ocr_par' dir='ltr' id='par_1_7' title="bbox 117 947 865 990">
     <span class='ocr_line' id='line_1_10' title="bbox 117 947 865 990; baseline 0 -11"><span class='ocrx_word' id='word_1_64' title='bbox 117 947 316 990; x_wconf 67' lang='lat' dir='ltr'>Legmdum,</span> <span class='ocrx_word' id='word_1_65' title='bbox 335 948 486 984; x_wconf 85' lang='lat' dir='ltr'>Quarude</span> <span class='ocrx_word' id='word_1_66' title='bbox 501 948 535 978; x_wconf 89' lang='lat' dir='ltr'>in</span> <span class='ocrx_word' id='word_1_67' title='bbox 550 948 642 979; x_wconf 87' lang='lat' dir='ltr'>corde</span> <span class='ocrx_word' id='word_1_68' title='bbox 658 950 742 980; x_wconf 82' lang='lat' dir='ltr'>omni</span> <span class='ocrx_word' id='word_1_69' title='bbox 757 949 865 989; x_wconf 82' lang='lat' dir='ltr'>(uno).</span> 
     </span>
    </p>
   </div>
   <div class='ocr_carea' id='block_1_8' title="bbox 120 1049 1163 1151">
    <p class='ocr_par' dir='ltr' id='par_1_8' title="bbox 120 1049 1163 1151">
     <span class='ocr_line' id='line_1_11' title="bbox 240 1049 1163 1097; baseline -0.001 -13"><span class='ocrx_word' id='word_1_70' title='bbox 240 1055 304 1085; x_wconf 91' lang='lat'>156</span> <span class='ocrx_word' id='word_1_71' title='bbox 330 1052 420 1096; x_wconf 81' lang='lat' dir='ltr'>Quae</span> <span class='ocrx_word' id='word_1_72' title='bbox 437 1050 500 1085; x_wconf 88' lang='lat' dir='ltr'><strong>tibi</strong></span> <span class='ocrx_word' id='word_1_73' title='bbox 515 1050 688 1097; x_wconf 85' lang='lat' dir='ltr'>posterius</span> <span class='ocrx_word' id='word_1_74' title='bbox 704 1051 800 1096; x_wconf 84' lang='lat' dir='ltr'>largo</span> <span class='ocrx_word' id='word_1_75' title='bbox 817 1061 978 1086; x_wconf 87' lang='lat' dir='ltr'>sermone</span> <span class='ocrx_word' id='word_1_76' title='bbox 993 1049 1163 1095; x_wconf 76' lang='lat' dir='ltr'>probabo,</span> 
     </span>
     <span class='ocr_line' id='line_1_12' title="bbox 120 1118 544 1151; baseline 0.007 -3"><span class='ocrx_word' id='word_1_77' title='bbox 120 1118 203 1150; x_wconf 90' lang='lat' dir='ltr'>Vide</span> <span class='ocrx_word' id='word_1_78' title='bbox 218 1129 259 1149; x_wconf 88' lang='lat' dir='ltr'>an</span> <span class='ocrx_word' id='word_1_79' title='bbox 271 1118 369 1151; x_wconf 88' lang='lat' dir='ltr'>fidem</span> <span class='ocrx_word' id='word_1_80' title='bbox 383 1118 544 1151; x_wconf 82' lang='lat' dir='ltr'>liberavit?</span> 
     </span>
    </p>
   </div>
   <div class='ocr_carea' id='block_1_9' title="bbox 242 1220 1259 1264">
    <p class='ocr_par' dir='ltr' id='par_1_9' title="bbox 242 1220 1259 1264">
     <span class='ocr_line' id='line_1_13' title="bbox 242 1220 1259 1264; baseline -0.005 -8"><span class='ocrx_word' id='word_1_81' title='bbox 242 1227 307 1256; x_wconf 86' lang='lat'>164</span> <span class='ocrx_word' id='word_1_82' title='bbox 331 1221 408 1256; x_wconf 88' lang='lat' dir='ltr'>Nec</span> <span class='ocrx_word' id='word_1_83' title='bbox 423 1221 537 1256; x_wconf 86' lang='lat' dir='ltr'>verbis</span> <span class='ocrx_word' id='word_1_84' title='bbox 553 1232 691 1264; x_wconf 86' lang='lat' dir='ltr'>vexare,</span> <span class='ocrx_word' id='word_1_85' title='bbox 707 1227 744 1256; x_wconf 81' lang='lat' dir='ltr'>et</span> <span class='ocrx_word' id='word_1_86' title='bbox 759 1222 802 1256; x_wconf 87' lang='lat' dir='ltr'>ab</span> <span class='ocrx_word' id='word_1_87' title='bbox 818 1220 890 1255; x_wconf 86' lang='lat' dir='ltr'>imo</span> <span class='ocrx_word' id='word_1_88' title='bbox 907 1226 1064 1256; x_wconf 84' lang='lat' dir='ltr'>evertere</span> <span class='ocrx_word' id='word_1_89' title='bbox 1079 1229 1237 1253; x_wconf 75' lang='lat' dir='ltr'><em>summam</em></span> <span class='ocrx_word' id='word_1_90' title='bbox 1246 1229 1259 1251; x_wconf 81' lang='lat'>.-</span> 
     </span>
    </p>
   </div>
   <div class='ocr_carea' id='block_1_10' title="bbox 120 1290 425 1330">
    <p class='ocr_par' dir='ltr' id='par_1_10' title="bbox 120 1290 425 1330">
     <span class='ocr_line' id='line_1_14' title="bbox 120 1290 425 1330; baseline 0 -10"><span class='ocrx_word' id='word_1_91' title='bbox 120 1290 208 1326; x_wconf 84' lang='lat' dir='ltr'>Quid</span> <span class='ocrx_word' id='word_1_92' title='bbox 223 1290 261 1328; x_wconf 84' lang='lat' dir='ltr'>si,</span> <span class='ocrx_word' id='word_1_93' title='bbox 277 1290 425 1330; x_wconf 86' lang='lat' dir='ltr'>pessum?</span> 
     </span>
    </p>
   </div>
   <div class='ocr_carea' id='block_1_11' title="bbox 242 1388 1191 1437">
    <p class='ocr_par' dir='ltr' id='par_1_11' title="bbox 242 1388 1191 1437">
     <span class='ocr_line' id='line_1_15' title="bbox 242 1388 1191 1437; baseline -0.004 -12"><span class='ocrx_word' id='word_1_94' title='bbox 242 1398 307 1426; x_wconf 88' lang='lat'>190</span> <span class='ocrx_word' id='word_1_95' title='bbox 331 1391 619 1437; x_wconf 85' lang='lat' dir='ltr'>Ponderibusque</span> <span class='ocrx_word' id='word_1_96' title='bbox 636 1391 707 1426; x_wconf 86' lang='lat' dir='ltr'>suis</span> <span class='ocrx_word' id='word_1_97' title='bbox 723 1394 923 1425; x_wconf 77' lang='lat' dir='ltr'>consuerunt</span> <span class='ocrx_word' id='word_1_98' title='bbox 939 1389 1079 1425; x_wconf 86' lang='lat' dir='ltr'>concita</span> <span class='ocrx_word' id='word_1_99' title='bbox 1095 1388 1191 1431; x_wconf 84' lang='lat' dir='ltr'>ferri,</span> 
     </span>
    </p>
   </div>
   <div class='ocr_carea' id='block_1_12' title="bbox 117 1461 427 1501">
    <p class='ocr_par' dir='ltr' id='par_1_12' title="bbox 117 1461 427 1501">
     <span class='ocr_line' id='line_1_16' title="bbox 117 1461 427 1501; baseline -0.01 -8"><span class='ocrx_word' id='word_1_100' title='bbox 117 1461 216 1501; x_wconf 84' lang='lat' dir='ltr'>Lege,</span> <span class='ocrx_word' id='word_1_101' title='bbox 232 1466 427 1491; x_wconf 81' lang='lat' dir='ltr'>consuerant.</span> 
     </span>
    </p>
   </div>
   <div class='ocr_carea' id='block_1_13' title="bbox 244 1558 1310 1606">
    <p class='ocr_par' dir='ltr' id='par_1_13' title="bbox 244 1558 1310 1606">
     <span class='ocr_line' id='line_1_17' title="bbox 244 1558 1310 1606; baseline -0.003 -11"><span class='ocrx_word' id='word_1_102' title='bbox 244 1568 307 1597; x_wconf 89' lang='lat'>195</span> <span class='ocrx_word' id='word_1_103' title='bbox 332 1561 504 1606; x_wconf 75' lang='lat' dir='ltr'><strong>Qualibus</strong></span> <span class='ocrx_word' id='word_1_104' title='bbox 519 1560 597 1596; x_wconf 87' lang='lat' dir='ltr'>haec</span> <span class='ocrx_word' id='word_1_105' title='bbox 613 1571 728 1595; x_wconf 85' lang='lat' dir='ltr'>rerum</span> <span class='ocrx_word' id='word_1_106' title='bbox 744 1560 882 1606; x_wconf 85' lang='lat' dir='ltr'>genitur</span> <span class='ocrx_word' id='word_1_107' title='bbox 898 1571 992 1595; x_wconf 89' lang='lat' dir='ltr'>nunc</span> <span class='ocrx_word' id='word_1_108' title='bbox 1010 1570 1145 1594; x_wconf 87' lang='lat' dir='ltr'>summa</span> <span class='ocrx_word' id='word_1_109' title='bbox 1162 1558 1310 1593; x_wconf 81' lang='lat' dir='ltr'>novando</span> 
     </span>
    </p>
   </div>
   <div class='ocr_carea' id='block_1_14' title="bbox 121 1630 257 1662">
    <p class='ocr_par' dir='ltr' id='par_1_14' title="bbox 121 1630 257 1662">
     <span class='ocr_line' id='line_1_18' title="bbox 121 1630 257 1662; baseline -0.007 0"><span class='ocrx_word' id='word_1_110' title='bbox 121 1630 257 1662; x_wconf 75' lang='lat' dir='ltr'>Passive.</span> 
     </span>
    </p>
   </div>
   <div class='ocr_carea' id='block_1_15' title="bbox 242 1729 1237 1779">
    <p class='ocr_par' dir='ltr' id='par_1_15' title="bbox 242 1729 1237 1779">
     <span class='ocr_line' id='line_1_19' title="bbox 242 1729 1237 1779; baseline -0.002 -13"><span class='ocrx_word' id='word_1_111' title='bbox 242 1739 308 1766; x_wconf 83' lang='lat'>202</span> <span class='ocrx_word' id='word_1_112' title='bbox 334 1732 422 1767; x_wconf 90' lang='lat' dir='ltr'>Inde</span> <span class='ocrx_word' id='word_1_113' title='bbox 439 1732 574 1767; x_wconf 87' lang='lat' dir='ltr'>avidam</span> <span class='ocrx_word' id='word_1_114' title='bbox 592 1738 727 1779; x_wconf 83' lang='lat' dir='ltr'>partem</span> <span class='ocrx_word' id='word_1_115' title='bbox 745 1733 880 1767; x_wconf 77' lang='lat' dir='ltr'>monteis</span> <span class='ocrx_word' id='word_1_116' title='bbox 897 1730 1071 1777; x_wconf 82' lang='lat' dir='ltr'>sylvaeque</span> <span class='ocrx_word' id='word_1_117' title='bbox 1087 1729 1237 1765; x_wconf 86' lang='lat' dir='ltr'>ferarum</span> 
     </span>
    </p>
   </div>
   <div class='ocr_carea' id='block_1_16' title="bbox 122 1805 377 1846">
    <p class='ocr_par' dir='ltr' id='par_1_16' title="bbox 122 1805 377 1846">
     <span class='ocr_line' id='line_1_20' title="bbox 122 1805 377 1846; baseline -0.004 -10"><span class='ocrx_word' id='word_1_118' title='bbox 122 1805 222 1846; x_wconf 87' lang='lat' dir='ltr'>Lege,</span> <span class='ocrx_word' id='word_1_119' title='bbox 240 1805 377 1836; x_wconf 83' lang='lat' dir='ltr'>Montes.</span> 
     </span>
    </p>
   </div>
   <div class='ocr_carea' id='block_1_17' title="bbox 242 1905 1158 1954">
    <p class='ocr_par' dir='ltr' id='par_1_17' title="bbox 242 1905 1158 1954">
     <span class='ocr_line' id='line_1_21' title="bbox 242 1905 1158 1954; baseline -0.001 -14"><span class='ocrx_word' id='word_1_120' title='bbox 242 1914 310 1941; x_wconf 79' lang='lat'>204</span> <span class='ocrx_word' id='word_1_121' title='bbox 333 1908 380 1941; x_wconf 87' lang='lat' dir='ltr'>Et</span> <span class='ocrx_word' id='word_1_122' title='bbox 397 1918 504 1950; x_wconf 84' lang='lat' dir='ltr'>mare,</span> <span class='ocrx_word' id='word_1_123' title='bbox 519 1907 615 1954; x_wconf 92' lang='lat' dir='ltr'>quod</span> <span class='ocrx_word' id='word_1_124' title='bbox 632 1906 704 1942; x_wconf 84' lang='lat' dir='ltr'>late</span> <span class='ocrx_word' id='word_1_125' title='bbox 720 1913 889 1942; x_wconf 85' lang='lat' dir='ltr'>terrarum</span> <span class='ocrx_word' id='word_1_126' title='bbox 909 1905 1052 1941; x_wconf 85' lang='lat' dir='ltr'>distinet</span> <span class='ocrx_word' id='word_1_127' title='bbox 1068 1916 1158 1941; x_wconf 86' lang='lat' dir='ltr'>oras.</span> 
     </span>
    </p>
   </div>
   <div class='ocr_carea' id='block_1_18' title="bbox 119 1985 1224 2300">
    <p class='ocr_par' dir='ltr' id='par_1_18' title="bbox 126 1985 625 2016">
     <span class='ocr_line' id='line_1_22' title="bbox 126 1985 625 2016; baseline 0 0"><span class='ocrx_word' id='word_1_128' title='bbox 126 1986 271 2016; x_wconf 85' lang='lat' dir='ltr'>Oceanus</span> <span class='ocrx_word' id='word_1_129' title='bbox 286 1985 494 2016; x_wconf 83' lang='lat' dir='ltr'>dissociabilis.</span> <span class='ocrx_word' id='word_1_130' title='bbox 512 1986 625 2016; x_wconf 85' lang='lat' dir='ltr'>Horat.</span> 
     </span>
    </p>

    <p class='ocr_par' dir='ltr' id='par_1_19' title="bbox 119 2081 1176 2198">
     <span class='ocr_line' id='line_1_23' title="bbox 241 2081 1176 2130; baseline 0 -13"><span class='ocrx_word' id='word_1_131' title='bbox 241 2089 309 2118; x_wconf 81' lang='lat'>225</span> <span class='ocrx_word' id='word_1_132' title='bbox 340 2084 436 2118; x_wconf 79' lang='lat' dir='ltr'>Vitalz&#39;</span> <span class='ocrx_word' id='word_1_133' title='bbox 452 2083 599 2118; x_wconf 84' lang='lat' dir='ltr'>auxilio:</span> <span class='ocrx_word' id='word_1_134' title='bbox 624 2094 704 2118; x_wconf 90' lang='lat' dir='ltr'>cum</span> <span class='ocrx_word' id='word_1_135' title='bbox 721 2082 869 2130; x_wconf 88' lang='lat' dir='ltr'>primum</span> <span class='ocrx_word' id='word_1_136' title='bbox 886 2082 922 2116; x_wconf 92' lang='lat' dir='ltr'>in</span> <span class='ocrx_word' id='word_1_137' title='bbox 940 2081 1081 2116; x_wconf 85' lang='lat' dir='ltr'>luminis</span> <span class='ocrx_word' id='word_1_138' title='bbox 1097 2091 1176 2117; x_wconf 85' lang='lat' dir='ltr'>oras</span> 
     </span>
     <span class='ocr_line' id='line_1_24' title="bbox 119 2157 331 2198; baseline -0.009 -9"><span class='ocrx_word' id='word_1_139' title='bbox 119 2158 215 2198; x_wconf 57' lang='lat' dir='ltr'>Lege,</span> <span class='ocrx_word' id='word_1_140' title='bbox 233 2157 331 2188; x_wconf 58' lang='lat' dir='ltr'><strong>Vitaa‘.</strong></span> 
     </span>
    </p>

    <p class='ocr_par' dir='ltr' id='par_1_20' title="bbox 243 2252 1224 2300">
     <span class='ocr_line' id='line_1_25' title="bbox 243 2252 1224 2300; baseline -0.001 -13"><span class='ocrx_word' id='word_1_141' title='bbox 243 2261 309 2289; x_wconf 79' lang='lat'>229</span> <span class='ocrx_word' id='word_1_142' title='bbox 336 2254 380 2288; x_wconf 76' lang='lat' dir='ltr'>At</span> <span class='ocrx_word' id='word_1_143' title='bbox 395 2256 498 2289; x_wconf 79' lang='lat' dir='ltr'><em>variae</em></span> <span class='ocrx_word' id='word_1_144' title='bbox 514 2260 676 2290; x_wconf 86' lang='lat' dir='ltr'>crescunt</span> <span class='ocrx_word' id='word_1_145' title='bbox 690 2254 857 2300; x_wconf 84' lang='lat' dir='ltr'>pecudes,</span> <span class='ocrx_word' id='word_1_146' title='bbox 871 2259 1040 2295; x_wconf 83' lang='lat' dir='ltr'>armenta,</span> <span class='ocrx_word' id='word_1_147' title='bbox 1056 2252 1224 2297; x_wconf 85' lang='lat' dir='ltr'>feraeque:</span> 
     </span>
    </p>
   </div>
   <div class='ocr_carea' id='block_1_19' title="bbox 123 2327 360 2368">
    <p class='ocr_par' dir='ltr' id='par_1_21' title="bbox 123 2327 360 2368">
     <span class='ocr_line' id='line_1_26' title="bbox 123 2327 360 2368; baseline -0.008 -9"><span class='ocrx_word' id='word_1_148' title='bbox 123 2328 210 2368; x_wconf 81' lang='lat' dir='ltr'>Lege</span> <span class='ocrx_word' id='word_1_149' title='bbox 227 2327 360 2358; x_wconf 84' lang='lat' dir='ltr'><strong>Validae.</strong></span> 
     </span>
    </p>
   </div>
   <div class='ocr_carea' id='block_1_20' title="bbox 124 2421 1416 2533">
    <p class='ocr_par' dir='ltr' id='par_1_22' title="bbox 124 2421 1416 2533">
     <span class='ocr_line' id='line_1_27' title="bbox 241 2421 1416 2470; baseline -0.002 -11"><span class='ocrx_word' id='word_1_150' title='bbox 241 2432 309 2459; x_wconf 80' lang='lat'>230</span> <span class='ocrx_word' id='word_1_151' title='bbox 333 2426 410 2459; x_wconf 89' lang='lat' dir='ltr'>Nec</span> <span class='ocrx_word' id='word_1_152' title='bbox 427 2424 640 2470; x_wconf 78' lang='lat' dir='ltr'>crepitacula</span> <span class='ocrx_word' id='word_1_153' title='bbox 656 2424 706 2460; x_wconf 90' lang='lat' dir='ltr'>eis</span> <span class='ocrx_word' id='word_1_154' title='bbox 723 2424 890 2470; x_wconf 76' lang='lat' dir='ltr'>opu’sunt,</span> <span class='ocrx_word' id='word_1_155' title='bbox 908 2435 973 2459; x_wconf 90' lang='lat' dir='ltr'>nec</span> <span class='ocrx_word' id='word_1_156' title='bbox 991 2423 1154 2470; x_wconf 85' lang='lat' dir='ltr'>cuiquam</span> <span class='ocrx_word' id='word_1_157' title='bbox 1172 2421 1416 2459; x_wconf 81' lang='lat' dir='ltr'>adhibenda’st</span> 
     </span>
     <span class='ocr_line' id='line_1_28' title="bbox 124 2493 490 2533; baseline -0.005 -7"><span class='ocrx_word' id='word_1_158' title='bbox 124 2493 212 2526; x_wconf 71' lang='lat' dir='ltr'>Bene</span> <span class='ocrx_word' id='word_1_159' title='bbox 229 2494 325 2524; x_wconf 87' lang='lat' dir='ltr'><strong>MSS.</strong></span> <span class='ocrx_word' id='word_1_160' title='bbox 341 2505 420 2533; x_wconf 77' lang='lat' dir='ltr'>opus</span> <span class='ocrx_word' id='word_1_161' title='bbox 435 2500 490 2524; x_wconf 80' lang='lat' dir='ltr'>est.</span> 
     </span>
    </p>
   </div>
   <div class='ocr_carea' id='block_1_21' title="bbox 253 2601 1096 2647">
    <p class='ocr_par' dir='ltr' id='par_1_23' title="bbox 253 2601 1096 2647">
     <span class='ocr_line' id='line_1_29' title="bbox 253 2601 1096 2647; baseline 0 -11"><span class='ocrx_word' id='word_1_162' title='bbox 253 2610 321 2637; x_wconf 77' lang='lat'>240</span> <span class='ocrx_word' id='word_1_163' title='bbox 344 2604 463 2638; x_wconf 87' lang='lat' dir='ltr'>Debet</span> <span class='ocrx_word' id='word_1_164' title='bbox 480 2608 548 2637; x_wconf 78' lang='lat' dir='ltr'>tota</span> <span class='ocrx_word' id='word_1_165' title='bbox 564 2604 678 2638; x_wconf 82' lang='lat' dir='ltr'>eadem</span> <span class='ocrx_word' id='word_1_166' title='bbox 693 2602 815 2638; x_wconf 85' lang='lat' dir='ltr'>mundi</span> <span class='ocrx_word' id='word_1_167' title='bbox 830 2607 955 2637; x_wconf 82' lang='lat' dir='ltr'>natura</span> <span class='ocrx_word' id='word_1_168' title='bbox 969 2601 1096 2647; x_wconf 82' lang='lat' dir='ltr'>putari.</span> 
     </span>
    </p>
   </div>
   <div class='ocr_carea' id='block_1_22' title="bbox 122 2676 659 2714">
    <p class='ocr_par' dir='ltr' id='par_1_24' title="bbox 122 2676 659 2714">
     <span class='ocr_line' id='line_1_30' title="bbox 122 2676 659 2714; baseline 0 -7"><span class='ocrx_word' id='word_1_169' title='bbox 122 2677 164 2708; x_wconf 92' lang='lat' dir='ltr'>V.</span> <span class='ocrx_word' id='word_1_170' title='bbox 181 2677 280 2707; x_wconf 90' lang='lat' dir='ltr'>Codd.</span> <span class='ocrx_word' id='word_1_171' title='bbox 296 2677 406 2707; x_wconf 85' lang='lat' dir='ltr'>eodem</span> <span class='ocrx_word' id='word_1_172' title='bbox 422 2677 526 2707; x_wconf 81' lang='lat' dir='ltr'>omnis</span> <span class='ocrx_word' id='word_1_173' title='bbox 536 2689 545 2714; x_wconf 92' lang='lat'>;</span> <span class='ocrx_word' id='word_1_174' title='bbox 568 2676 659 2707; x_wconf 71' lang='lat' dir='ltr'>recte.</span> 
     </span>
    </p>
   </div>
   <div class='ocr_carea' id='block_1_23' title="bbox 245 2783 1208 2834">
    <p class='ocr_par' dir='ltr' id='par_1_25' title="bbox 245 2783 1208 2834">
     <span class='ocr_line' id='line_1_31' title="bbox 245 2783 1208 2834; baseline -0.002 -13"><span class='ocrx_word' id='word_1_175' title='bbox 245 2795 311 2822; x_wconf 80' lang='lat'>246</span> <span class='ocrx_word' id='word_1_176' title='bbox 338 2787 435 2822; x_wconf 79' lang='lat' dir='ltr'>Scire</span> <span class='ocrx_word' id='word_1_177' title='bbox 451 2787 546 2831; x_wconf 83' lang='lat' dir='ltr'>licet,</span> <span class='ocrx_word' id='word_1_178' title='bbox 563 2788 642 2823; x_wconf 83' lang='lat' dir='ltr'>coeli</span> <span class='ocrx_word' id='word_1_179' title='bbox 657 2798 796 2834; x_wconf 91' lang='lat' dir='ltr'>quoque</span> <span class='ocrx_word' id='word_1_180' title='bbox 814 2788 898 2822; x_wconf 81' lang='lat' dir='ltr'>idem</span> <span class='ocrx_word' id='word_1_181' title='bbox 914 2793 1087 2832; x_wconf 84' lang='lat' dir='ltr'>terraeque</span> <span class='ocrx_word' id='word_1_182' title='bbox 1101 2783 1208 2820; x_wconf 81' lang='lat' dir='ltr'>fuisse</span> 
     </span>
    </p>
   </div>
   <div class='ocr_carea' id='block_1_24' title="bbox 121 2857 848 2945">
    <p class='ocr_par' dir='ltr' id='par_1_26' title="bbox 121 2857 848 2945">
     <span class='ocr_line' id='line_1_32' title="bbox 121 2857 614 2897; baseline 0.002 -10"><span class='ocrx_word' id='word_1_183' title='bbox 121 2857 221 2897; x_wconf 84' lang='lat' dir='ltr'>Lege,</span> <span class='ocrx_word' id='word_1_184' title='bbox 239 2857 324 2889; x_wconf 86' lang='lat' dir='ltr'>item.</span> <span class='ocrx_word' id='word_1_185' title='bbox 346 2858 399 2889; x_wconf 88' lang='lat' dir='ltr'>lib.</span> <span class='ocrx_word' id='word_1_186' title='bbox 416 2857 479 2888; x_wconf 90' lang='lat' dir='ltr'>VI.</span> <span class='ocrx_word' id='word_1_187' title='bbox 499 2868 525 2889; x_wconf 87' lang='lat' dir='ltr'>v.</span> <span class='ocrx_word' id='word_1_188' title='bbox 543 2860 614 2889; x_wconf 85' lang='lat'><strong>756.</strong></span> 
     </span>
     <span class='ocr_line' id='line_1_33' title="bbox 139 2910 848 2945; baseline 0 -4"><span class='ocrx_word' id='word_1_189' title='bbox 139 2910 220 2943; x_wconf 68' lang='lat' dir='ltr'>Von.</span> <span class='ocrx_word' id='word_1_190' title='bbox 238 2912 300 2945; x_wconf 92' lang='lat' dir='ltr'>IV.</span> <span class='ocrx_word' id='word_1_191' title='bbox 778 2914 799 2941; x_wconf 79' lang='grc'>5</span> <span class='ocrx_word' id='word_1_192' title='bbox 816 2910 848 2942; x_wconf 88' lang='grc' dir='ltr'>Κ</span> 
     </span>
    </p>
   </div>
  </div>
 </body>
</html>
