1967 3314
456 202 791 252 RICARDI
837 201 1221 251 BENTLEII.
1503 208 1598 254 467

102 337 191 373 ratio,
207 336 283 378 quia
306 340 338 366 et
359 335 428 366 aliis
444 335 590 366 flantibus
604 336 704 366 ventis
728 335 806 365 nihil
821 345 859 365 ex
874 345 907 365 se
921 335 1027 371 mittit,
1053 340 1084 365 et
1098 344 1155 374 pro
1179 333 1275 364 modo
1289 333 1421 364 flatuum
1437 333 1519 364 Euri
1537 333 1589 364 vel

102 391 202 422 Africi
218 390 378 422 interdum
392 390 529 427 fumum,
543 390 703 421 interdum
717 389 849 429 favillas,
871 399 1102 430 nonnunquam
1117 388 1214 419 vomit
1230 388 1406 419 incendia.”

1414 465 1586 497 Bentleius.

266 596 331 625 747
358 589 481 635 Qualis
497 589 589 635 apud
605 590 734 624 Cumas
750 589 849 624 locus
866 593 932 630 est,
946 593 1170 633 montemque
1186 587 1362 622 vesevum

360 652 503 698 Oppleti
519 651 638 687 calidis
654 651 714 687 ubi
730 651 864 686 fumant
879 650 1034 685 fontibus
1052 656 1186 685 auctus.

147 739 212 771 Hic
227 750 300 771 vero
314 740 402 771 locus
418 746 477 778 est,
491 741 556 781 qui,
572 741 598 771 si
612 740 682 781 quis
696 740 783 777 alius,
799 740 882 770 viros
897 739 1088 771 doctissimos
1102 740 1213 770 misere
1227 745 1258 770 et
1272 739 1363 769 anxie
1378 738 1484 775 torsit;

103 793 216 824 Totius
231 795 423 835 antiquitatis
437 795 616 825 testimonio
632 801 764 834 constat,
781 795 899 825 Cumas
915 795 947 825 in
966 795 1137 834 Campania
1151 794 1306 825 coloniam
1322 794 1497 824 Euboicam
1513 803 1596 830 esse;

101 849 187 891 quod
202 850 323 887 Livius,
351 850 472 888 Strabo,
496 850 678 890 Dionysius,
694 849 890 885 Paterculus,
914 855 951 880 ut
966 860 1005 881 ne
1021 849 1097 880 alios
1111 849 1276 889 appellem,
1292 849 1485 888 probabunt:
1511 846 1592 882 Quae

103 914 168 934 una
192 914 240 934 res
265 904 501 942 emendationis,
525 914 580 934 seu
606 904 791 945 conjecturae
806 904 902 934 maris
916 904 1159 935 fundamentum
1174 904 1338 935 substmet.
1384 902 1480 940 Nam,
1507 899 1593 942 quod

105 968 203 999 usque
218 959 320 989 adhuc
335 959 451 989 invitus
466 959 534 995 feci,
556 969 596 989 ne
611 965 642 989 te
656 969 758 989 morer
773 958 916 998 amplius,
931 969 987 998 pro

315 1047 348 1076 Is
363 1047 445 1076 locus
460 1052 502 1076 est
521 1048 631 1077 Cumas
647 1048 730 1085 apud
746 1047 892 1078 Etruscos
904 1057 960 1086 per
974 1051 1088 1076 montes

106 1124 218 1164 (quam
241 1132 300 1162 ego
324 1121 491 1152 lectionem
514 1128 691 1162 corruptam
705 1122 833 1164 quidem
846 1123 947 1163 ipsam
961 1123 1103 1162 arbitror,
1126 1122 1181 1153 sed
1205 1126 1322 1152 ceteras
1337 1130 1446 1151 omnes
1461 1130 1498 1150 ex
1514 1129 1546 1150 se
1561 1129 1594 1149 se

106 1176 331 1217 progenuisse.)

1358 1219 1466 1249 Faber.

146 1315 285 1346 Falsum.
330 1314 457 1344 Primus
471 1315 551 1346 hanc
566 1315 732 1346 lectionem
748 1316 932 1357 excogitavit
950 1316 1117 1355 Marullus,
1144 1316 1234 1358 cujus
1259 1326 1300 1346 ne
1321 1314 1452 1356 vestigia
1472 1318 1597 1353 apparet

104 1371 136 1402 in
156 1370 229 1401 ullis
246 1369 342 1400 MSS.

1299 1440 1469 1472 Bentleius.

331 1549 423 1579 facile
438 1546 574 1587 putarim
590 1558 654 1577 esse
668 1547 847 1588 legendum,

316 1628 355 1656 Ut
372 1625 457 1656 locus
472 1630 517 1654 est
535 1624 651 1655 Cumas
665 1625 749 1665 apud
767 1627 900 1657 Euboico
916 1628 969 1657 sub
987 1634 1092 1658 ιηιιητε.

1362 1702 1469 1733 Faber.

273 1814 340 1844 756
365 1809 406 1842 In
425 1806 523 1852 Syria
539 1819 677 1853 quoque
691 1807 803 1843 fertur
819 1809 903 1844 item
919 1810 1008 1844 locus
1024 1823 1092 1845 esse
1107 1810 1218 1846 videri

365 1869 620 1915 Quadrupedes
637 1883 763 1916 quoque
780 1885 842 1917 quo
859 1872 961 1907 simul
977 1886 1017 1907 ac
1032 1873 1177 1919 vestigia
1192 1873 1339 1920 primum

365 1932 567 1975 Intulerint,
583 1933 731 1978 graviter
747 1934 800 1969 vis
819 1941 920 1980 cogat
936 1935 1123 1971 concidere
1140 1936 1227 1982 ipsa,

365 1995 530 2030 Manibus
546 2002 585 2030 ut
602 1995 631 2031 si
648 1996 718 2031 sint
734 1997 821 2033 divis
837 2005 989 2033 mactata
1005 2005 1160 2044 repente.

155 2085 297 2118 Omnino
311 2084 399 2115 locus
413 2090 459 2115 est
473 2084 637 2124 perplexus
651 2091 682 2116 et
697 2086 873 2126 impeditus,
898 2088 942 2118 ait
959 2088 1129 2128 Interpres:
1156 2088 1237 2119 addo
1262 2088 1355 2120 etiam
1382 2100 1450 2131 ego,
1476 2100 1600 2122 versum

109 2142 202 2176 illum
215 2139 389 2172 secundum
404 2145 586 2181 corruptum
600 2151 666 2171 esse
672 2153 682 2180 ;
707 2141 741 2172 in
756 2152 794 2173 eo
809 2143 895 2173 enim
911 2157 944 2175 το
957 2155 1074 2187 quoque
1089 2144 1168 2175 nihil
1182 2145 1242 2176 loci
1257 2147 1370 2178 habere
1384 2153 1484 2187 potest
1489 2161 1499 2188 5

1468 2231 1578 2261 Faber.

157 2317 238 2348 Vide
252 2323 341 2349 notas
355 2323 483 2349 nostras.

1260 2399 1431 2431 Bentleius.

298 2495 428 2525 tertium
444 2502 551 2526 autem
563 2496 748 2529 solloecismo
761 2499 961 2540 inquinatum
984 2513 1049 2535 esse
1063 2504 1130 2536 aio:
1157 2516 1231 2537 uam
1249 2507 1333 2548 quod
1348 2508 1388 2538 ad
1402 2512 1599 2542 mnmtimzem

112 2551 242 2589 generis,
269 2549 353 2580 unde
373 2550 423 2581 isti
438 2550 572 2591 figuram
587 2551 696 2589 fecere,
719 2553 813 2595 vulgo
832 2556 1022 2597 confugitur,
1046 2559 1078 2589 id
1094 2561 1132 2590 ab
1147 2561 1206 2591 hoc
1222 2561 1290 2592 loco
1305 2564 1463 2593 abhorret:
1489 2575 1601 2604 neque,

114 2603 198 2643 quod
224 2613 288 2634 non
313 2605 486 2642 observant,
510 2605 663 2645 ejusmodi
689 2607 847 2639 licentiam
874 2611 981 2642 omnia
1003 2614 1146 2653 exempla
1168 2615 1348 2652 admittunt,
1372 2623 1408 2647 ut
1432 2618 1601 2658 aliquando

113 2657 384 2690 demonstrabitur.
423 2659 463 2689 In
475 2659 576 2698 primo
586 2667 691 2691 autem
705 2663 781 2703 quid
796 2669 853 2702 est,
859 2665 967 2705 fi’rtur
980 2677 1042 2698 esse
1056 2669 1179 2699 videri?
1197 2670 1258 2701 Sed
1269 2672 1480 2711 conjecturam
1497 2682 1602 2703 meam

115 2712 232 2750 aperire
255 2713 350 2743 satius
375 2713 426 2751 sit,
446 2724 540 2754 quam
563 2715 696 2755 longum
719 2717 813 2757 loqui.
858 2719 931 2749 Hos
953 2726 1015 2751 tres
1039 2731 1146 2753 versus
1164 2724 1204 2754 ab
1218 2735 1283 2755 una
1297 2725 1467 2767 eademque
1481 2727 1608 2766 origine

114 2764 296 2804 depravatos
310 2777 375 2797 esse
389 2768 529 2807 arbitror,
549 2779 586 2799 ex
602 2769 787 2810 glossemate
802 2772 918 2804 scilicet
940 2787 977 2806 τε
991 2777 1099 2813 videri,-
1122 2778 1207 2818 quod
1221 2789 1295 2809 cum
1309 2780 1368 2811 hoc
1383 2780 1452 2811 loco
1467 2791 1530 2811 non
1546 2791 1608 2820 pro

116 2818 210 2858 ἓοκειν,
227 2827 263 2852 ut
277 2821 341 2853 fere
356 2832 487 2862 semper,
510 2823 563 2855 sed
578 2834 635 2866 pro
648 2835 707 2856 esse
722 2825 858 2864 positum
872 2827 921 2865 sit,
936 2828 1007 2860 ideo
1023 2844 1055 2861 vo
1069 2842 1130 2863 esse
1144 2832 1183 2863 ad
1197 2832 1284 2864 illam
1299 2844 1408 2865 vocem
1421 2844 1592 2875 apposuere
1594 2846 1607 2871 3
