1967 3314
290 255 387 296 330
586 241 1041 292 VARIANTES
1087 238 1527 289 LECTIONES

1565 401 1605 421 EX
1619 401 1659 421 'ri'
1664 400 1785 421 POGRA-

427 460 630 482 PER-Risimus.

748 479 884 500 PERGER.
981 476 1216 498 RAGAzomnus.

1577 509 1771 530 mrowrmffi.

1037 579 1176 610 Venetiis.
1606 581 1741 623 Biponti.

1348 677 1361 702 1
1366 677 1429 703 500.

986 764 1087 794 videat
1271 764 1406 794 videatur

985 817 1117 852 tempore
1271 819 1405 854 tempora

988 862 1210 902 Nonnunquam
1274 864 1495 903 Nonnunquam

988 917 1109 943 causast
1273 917 1394 944 causast

988 962 1091 1002 primis
1274 962 1376 1002 primis

989 1021 1113 1051 qumque
1275 1021 1400 1051 quaeque

988 1062 1020 1092 in
1275 1062 1337 1091 sint

990 1110 1054 1141 caeli
1276 1111 1340 1142 caeli

991 1162 1067 1191 acris
1277 1162 1372 1192 aereis

991 1212 1062 1242 viris
1276 1212 1365 1242 vireis

990 1259 1204 1302 posterioribus
1272 1255 1491 1303 'posterioribus

991 1311 1070 1351 ignis
1278 1312 1358 1352 ignis

702 764 801 794 videat

700 818 832 852 tempore

701 863 923 902 Nonnunquam

701 917 823 943 causast

702 962 805 1003 primis

703 1022 820 1052 queque

703 1062 733 1091 in

704 1111 770 1141 caeli

705 1160 781 1191 acris

704 1210 776 1240 viris

703 1259 916 1300 posterioribus

705 1311 783 1351 ignis

414 767 550 798 videatur

415 823 548 858 tempora

417 867 488 897 Non
502 867 621 907 inquam

416 927 507 947 causa
519 922 567 947 est

416 968 527 1007 primus

417 1027 545 1056 quaeque

418 1067 448 1096 in

417 1117 482 1147 caeli

418 1167 496 1197 acris

418 1216 490 1246 viris

419 1265 632 1306 posterioribus

419 1316 499 1355 ignis

1558 766 1694 795 videatur

1559 819 1693 853 tempora

1558 862 1629 892 Non
1644 862 1764 903 inquam

1559 913 1694 944 causa'st

1560 963 1662 1002 primis

1559 1023 1687 1054 quaeque

1561 1064 1626 1095 sint

1563 1114 1615 1144 coel
1620 1113 1629 1143 i

1563 1164 1658 1195 aereis

1562 1215 1652 1245 vireis

1564 1265 1772 1306 posterioribu’

1563 1315 1659 1355 signis

420 1365 543 1395 multum
705 1359 830 1390 multum
993 1361 1116 1390 multum
1279 1361 1403 1391 multum
1564 1364 1657 1394 multo

421 1415 502 1445 deest
706 1409 786 1439 deest
993 1411 1073 1441 deest
1278 1410 1359 1441 deest
1563 1419 1595 1444 et

412 1465 569 1496 dimissior
706 1460 862 1491 demissior
992 1459 1148 1490 demissior
1279 1461 1436 1491 demissior
1564 1463 1720 1494 demissior

421 1515 493 1544 caelo
707 1509 780 1539 caelo
993 1510 1066 1540 caelo
1278 1510 1355 1539 caelo
1566 1513 1640 1543 coelo

423 1564 446 1592 F
451 1564 590 1594 {umidior
708 1557 874 1587 Flaccidior
995 1558 1162 1589 Flaccidior
1281 1558 1465 1589 Flaccidjore
1568 1561 1752 1592 Flaccidiooe

421 1613 555 1644 feruntur
706 1607 840 1637 ferantur
993 1608 1127 1639 ferantur
1280 1608 1416 1638 feruntur
1566 1611 1702 1642 seruntur

421 1674 481 1702 qua
707 1667 766 1696 qua
994 1668 1055 1697 qua
1281 1659 1352 1698 quia
1567 1662 1637 1701 quia

422 1714 498 1743 alter
708 1708 802 1738 altere
994 1708 1089 1737 altere
1282 1709 1359 1738 alter
1566 1711 1643 1742 alter

421 1768 512 1803 queat
708 1762 800 1798 queat
995 1762 1094 1798 quaeat
1282 1763 1372 1798 queat
1566 1766 1658 1801 queat

358 1843 365 1848 ι
423 1813 572 1844 Brumatis
710 1808 859 1839 Brumalis
997 1807 1146 1839 Brumalis
1284 1809 1451 1840 Brumaleis
1569 1811 1735 1841 Brumaleis

422 1864 549 1904 rigorem
709 1858 806 1899 rigore
995 1859 1107 1899 rigoret
1282 1859 1409 1899 rigorem
1567 1861 1694 1902 rigorem

423 1926 441 1945 a
709 1910 746 1938 ad
1567 1923 1586 1942 a

423 1966 534 1996 umbris
709 1960 746 1989 1¹¹¹
751 1959 810 1989 bris
1566 1961 1678 1991 umbris

424 2016 519 2055 parfis
710 2010 805 2050 partis
996 2009 1091 2050 partis
1283 2010 1397 2050 parteis
1568 2011 1681 2051 parteis

424 2065 586 2105 putandum
602 2070 649 2095 est
709 2059 902 2098 putandumst
997 2061 1190 2101 putandumst
1283 2059 1476 2100 putandumst
1569 2059 1772 2100 putandum’st

424 2115 499 2149 Quae
710 2109 777 2143 Que
996 2111 1072 2146 Qum
1283 2109 1358 2143 Quae

425 2165 546 2195 urbibus
710 2159 831 2189 urbibus
997 2160 1119 2190 urbibus
1283 2159 1403 2188 orbibus

1568 2209 1698 2240 Ae'ribus

1567 2271 1586 2289 a

999 2210 1128 2239 Acribus
1283 2208 1383 2238 Aeriis

998 2270 1015 2289 e
1284 2268 1301 2287 e
1354 2281 1361 2287 ,

712 2209 841 2240 Acribus

717 2271 734 2290 e

425 2214 533 2244 Acreis

424 2275 442 2293 e

425 2313 520 2353 partis
712 2309 807 2349 partis
998 2309 1093 2349 partis
1285 2308 1397 2348 parteis
1568 2310 1680 2349 parteis

425 2362 539 2393 inferna
711 2359 740 2388 in
755 2358 839 2388 ferna
999 2359 1029 2388 in
1043 2358 1127 2388 ferna
1286 2357 1401 2388 inferna
1569 2359 1685 2389 inferna

425 2414 475 2443 ille
711 2408 761 2438 ille
1000 2408 1050 2437 ine
1286 2409 1338 2438 illa
1570 2410 1622 2439 illa

424 2468 536 2503 queant
711 2463 822 2499 queant
1001 2463 1120 2498 quaeant
1286 2463 1398 2499 queant
1571 2462 1683 2500 queant

423 2513 504 2543 orbis
710 2511 790 2540 orbis
1001 2509 1081 2539 orbis
1286 2509 1383 2539 orbeis
1571 2508 1670 2538 orbeis

424 2563 531 2602 sydera
1003 2559 1114 2598 sydera
1288 2559 1387 2589 sidera
1572 2558 1672 2588 sidera

425 2614 469 2641 At
1005 2610 1051 2636 Ac
1290 2610 1334 2638 At
1573 2609 1618 2637 At

425 2672 482 2691 nox
1005 2667 1062 2686 vox
1289 2669 1347 2688 nox
1572 2667 1630 2686 nox

406 2742 408 2744 ,
424 2712 453 2740 A
467 2722 500 2740 se
1006 2709 1052 2737 Ae
1290 2709 1355 2738 Aut
1572 2707 1637 2735 Aut

406 2786 410 2792 ,
427 2759 477 2789 Sol
709 2759 806 2790 soivet
1003 2757 1100 2787 solvet
1291 2758 1341 2788 Sol
1573 2755 1623 2785 Sol

425 2809 529 2839 intima
712 2810 770 2839 ima
1003 2807 1062 2837 ima
1288 2807 1400 2837 extima
1570 2804 1686 2834 extima-

427 2859 490 2890 caeli
712 2857 780 2888 caeli
1002 2857 1066 2888 caeli
1287 2856 1355 2886 caeli
1571 2853 1636 2884 coeli

427 2909 507 2950 iguis
714 2908 792 2948 ignis
1002 2907 1079 2947 ignis
1287 2905 1382 2945 igneis
1571 2904 1667 2945 igneis

950 2959 971 2985 Q!
