1967 3314
568 228 784 278 LIBRI
820 227 1134 286 QUARTI.
1530 239 1624 280 283

1365 387 1406 406 Ex
1418 388 1580 410 TYPOGRA-

485 409 606 430 PAULL'S
622 410 757 432 Flumen·
776 410 972 430 THEODORUS
987 410 1028 429 DE

237 439 436 460 mmmmm&
555 463 690 484 PERGER.
788 465 875 485 RAGA
881 464 1026 485 zomnus.
1137 442 1242 463 ALDUS
1334 440 1414 461 rm
1429 441 1610 464 SOCOETAHS

1374 495 1569 516 mroxrrxffi.

835 567 972 597 Veneriis.
1041 542 1048 624 Ι
1117 564 1255 597 Venetiis.
1322 546 1329 623 Ι
1401 567 1536 608 Biponti.

124 612 163 642 V.
1053 625 1321 635 ³—-

576 660 658 689 1486.
859 660 943 689 1495.
1143 658 1224 684 1500.
1426 661 1510 690 1782.

110 749 165 775 481
497 755 586 774 sensu
779 754 867 774 sensu
1064 755 1154 776 sensu
1345 757 1450 778 sensus

110 800 167 825 485
497 805 612 835 quoque
778 805 893 834 quoque
1063 794 1143 824 deest
1344 796 1424 826 deest

109 847 168 874 486
496 854 547 874 eos
778 855 828 874 eos
1062 854 1114 874 nos
1342 855 1394 875 eos
1446 861 1448 870 ι

495 899 561 924 orta
573 898 620 924 est
776 899 842 924 orta
854 899 901 925 est
1061 898 1157 924 ortast
1341 895 1449 926 orta’st

108 948 166 974 488
496 943 625 982 poterint
776 945 905 984 poterint
1060 949 1200 983 poterunt
1342 949 1482 984 poterunt

214 993 426 1034 reprehendere
495 993 706 1033 reprehendere
776 995 987 1033 reprehendere
1058 993 1279 1032 repraehendere
1341 995 1556 1034 reprehendere

213 1044 243 1073 in
493 1053 532 1072 an
777 1054 815 1073 an
864 1056 866 1058 v
1059 1052 1097 1071 an
1341 1054 1380 1073 an

213 1104 300 1123 aures
493 1103 580 1123 aures
775 1104 862 1124 auses
1059 1101 1145 1120 aures
1341 1094 1438 1124 aureis

107 1151 165 1180 490
212 1154 247 1172 ve
493 1152 608 1181 quoque
775 1153 889 1183 quoque
1058 1147 1148 1180 atque
1343 1154 1378 1172 ve

210 1193 362 1223 revincent
491 1192 610 1222 vincent
772 1192 891 1223 vincent
1058 1192 1209 1222 revincent
1341 1192 1492 1224 revincent

103 1250 156 1279 491
207 1243 250 1272 ita
263 1247 310 1273 est
491 1241 535 1271 ita
547 1247 594 1272 est
775 1242 818 1271 ita
830 1247 879 1272 est
1056 1238 1130 1270 itast
1340 1241 1426 1272 ita'st

207 1292 314 1331 cuique
489 1291 596 1331 cuique
773 1292 879 1331 cuique
1056 1289 1162 1327 cuique
1339 1291 1467 1330 quoique

100 1349 159 1378 492
206 1341 314 1371 Divisa
325 1345 373 1370 est
490 1341 597 1371 Divisa
609 1346 657 1372 est
774 1342 882 1371 Divisa
892 1347 940 1372 est
1055 1336 1181 1368 divisast
1339 1339 1489 1370 Divisa'st

205 1391 305 1421 suavis
490 1390 550 1419 Sua
561 1391 607 1420 vis
773 1393 834 1421 Sua
845 1392 890 1421 vis
1055 1386 1116 1416 Sua
1128 1387 1173 1417 Vis
1340 1390 1399 1419 Sua
1413 1389 1459 1420 vis

206 1442 311 1481 cuique
323 1445 372 1471 est
487 1440 592 1479 cuique
605 1445 652 1470 est
769 1442 874 1481 cuique
886 1446 934 1472 est
1053 1437 1188 1476 cuiquest
1337 1439 1506 1479 quoique'st

206 1502 327 1522 neeesse
340 1495 388 1521 est
487 1495 639 1519 necessest
770 1497 921 1522 necessest
1053 1493 1204 1518 necessest
1336 1490 1499 1520 neeesse'st

100 1547 158 1577 495·
207 1542 250 1571 Et
488 1539 530 1569 Et
772 1541 814 1570 Et
1054 1536 1095 1566 Et
1336 1537 1416 1567 deest

206 1590 247 1620 sit
259 1594 291 1620 et
302 1589 432 1630 gelidum
487 1588 527 1618 sit
539 1593 571 1618 et
583 1589 712 1628 gelidum
770 1591 810 1620 sit
823 1595 855 1620 et
865 1590 996 1631 gelidum
1053 1585 1092 1615 Sit
1104 1586 1252 1625 egelidum
1335 1592 1388 1617 aut
1403 1587 1508 1618 (lurum
1525 1593 1572 1619 est

1368 1636 1499 1676 gelidum

205 1690 298 1719 videri
486 1687 580 1717 videri
770 1689 863 1719 videri
1053 1685 1145 1714 videri
1335 1696 1467 1716 seorsum

100 1742 158 1774 496
205 1749 386 1779 quaecunque
486 1747 658 1778 quecunque
771 1749 943 1779 quecunque
1052 1745 1234 1775 quaecunque
1335 1745 1521 1776 quaecunque

205 1789 349 1820 coloribus
487 1787 632 1819 coloribus
770 1789 915 1818 coloribus
1051 1784 1197 1814 coloribus
1334 1785 1475 1816 coloribu’

205 1839 266 1868 sint
486 1838 548 1868 sint
770 1840 830 1869 sint
1053 1833 1115 1863 sint
1335 1840 1405 1865 sunt

205 1898 327 1918 necesse
340 1892 387 1918 est
486 1898 608 1918 necesse
621 1894 669 1920 est
769 1900 891 1920 necesse
903 1894 950 1920 est
1052 1888 1204 1913 necessest
1335 1884 1499 1915 necesse’st

98 1945 156 1974 497
208 1940 345 1968 Seorsum
486 1938 622 1968 Seorsum
770 1940 907 1970 Seorsum
1055 1933 1178 1963 Seorsus
1336 1934 1461 1964 Seorsus

98 1994 156 2024 498
205 1988 379 2018 Nascantur
486 1987 660 2018 Nascuntur
770 1990 943 2020 Nascuntur
1054 1983 1227 2013 Nascuntur
1336 1983 1511 2014 Nascuntur

202 2047 324 2067 necesse
337 2042 385 2068 est
485 2047 605 2067 neeesse
615 2043 663 2068 est
767 2050 888 2070 necesse
901 2044 948 2071 est
1053 2038 1206 2064 necessest
1335 2033 1500 2064 necesse'st

97 2093 155 2123 499
202 2091 327 2127 possunt
484 2092 610 2126 possunt
766 2095 891 2130 possunt
1050 2084 1166 2124 possint
1333 2084 1450 2124 possint

201 2146 375 2166 conuncere
484 2146 625 2166 oonvmce
766 2141 906 2170 convince
1050 2144 1222 2164 convmoere
1334 2143 1507 2164 convmcere

97 2193 155 2220 500
203 2186 416 2226 reprehendere
483 2186 697 2225 reprehendere
766 2190 981 2229 reprehendere
1050 2184 1264 2224 reprehendere
1300 2224 1302 2227 Ι
1333 2183 1507 2223 reprendere

97 2242 151 2268 501
203 2236 301 2275 AEque
484 2236 580 2275 AEque
767 2239 863 2278 AEque
1050 2235 1151 2273 AEqua
1336 2234 1436 2273 AEqua

203 2295 269 2314 cnm
485 2296 554 2324 qum
766 2299 835 2327 qum
1051 2284 1188 2323 qnoniam
1334 2283 1472 2323 quoniam

98 2342 155 2368 502
203 2344 320 2373 quoqne
334 2340 381 2365 est
485 2345 600 2375 quoque
616 2341 663 2366 est
767 2348 882 2376 quoque
899 2342 947 2368 est
1051 2338 1198 2373 quoqufflt
1334 2332 1493 2373 quoque’st

203 2394 303 2413 verum
316 2388 364 2414 est
485 2395 584 2414 verum
596 2390 644 2415 est
768 2397 870 2416 verum
883 2391 931 2417 est
1053 2388 1183 2413 verumst
1333 2381 1476 2412 verum’st

97 2441 155 2466 504
204 2443 269 2473 quae
484 2445 541 2473 que
767 2446 825 2474 que
1052 2443 1117 2472 quae
1333 2444 1399 2472 quae

197 2484 304 2524 justim
484 2483 584 2513 vistim
768 2485 868 2514 vistim
1044 2482 1155 2523 juxtim
1326 2482 1438 2522 juxtim

97 2539 154 2565 505
204 2534 283 2564 Visa
485 2532 572 2562 Vasa
769 2534 857 2564 Vasa
1052 2533 1130 2562 Visa
1334 2531 1413 2561 Visa

201 2588 317 2624 prestat
484 2586 608 2622 prastat
767 2590 890 2624 praestat
1050 2586 1177 2621 praestat
1331 2585 1456 2621 praestat

97 2636 154 2665 506
202 2634 341 2664 mendose
485 2632 623 2661 mendose
767 2634 904 2664 mendose
1050 2631 1200 2661 mendosae
1331 2632 1469 2661 mendose

203 2694 322 2714 causam
485 2692 605 2711 causam
767 2693 887 2713 causam
1050 2691 1156 2711 causas
1329 2691 1436 2710 causas

97 2737 153 2767 507
201 2733 358 2763 manifesta
486 2731 516 2760 in
530 2731 611 2761 festa
766 2732 797 2761 in
810 2733 889 2762 fecta
1050 2730 1208 2761 manifesta
1330 2730 1488 2761 manifesta

201 2793 347 2823 quoquam
484 2791 630 2820 quoquam
767 2792 913 2820 quoquam
1050 2791 1203 2821 qnaequam
1331 2791 1484 2820 quaequam

96 2835 150 2861 511
203 2843 242 2862 ex
254 2832 364 2873 templo
484 2842 521 2860 ex
534 2831 645 2871 templo
767 2840 806 2859 ex
819 2831 930 2871 templo
1049 2831 1197 2870 extemplo
1331 2831 1480 2871 extemplo

96 2884 153 2913 512
201 2881 425 2924 Praecipitisque
485 2880 685 2921 Precipitique
769 2881 968 2922 Preeipitique
1050 2879 1281 2921 praecipitesque
1332 2880 1579 2922 Praecipiteisque
