1967 3314
576 243 795 301 LIBRI
831 248 1121 298 TERTII.
1524 257 1618 297 253

474 431 596 452 PAULUS
613 433 748 454 FRIDEN-
771 431 970 452 'rimononus
986 430 1027 449 DE
1366 406 1406 425 EX
1419 407 1581 428 TYPOGRA·

225 462 426 484 FERRANDUS.
784 483 1012 506 RAGAZONIBUS
1136 462 1249 482 Annus.
1336 460 1416 480 mm
1433 460 1612 481 SOCIETATIS

1014 495 1021 502 ”
1378 514 1572 535 meon-nme.

272 589 401 620 Brixiae.
832 586 970 617 Venetiie.
1120 585 1256 616 Venetiz's.
1406 586 1541 627 Biponti.

116 637 154 666 V.

235 679 308 709 Sine
321 679 422 708 Anno.
574 683 656 711 1486.
858 679 941 707 1495-
1146 679 1227 706 1500·
1433 680 1516 709 1782.

106 774 161 804 721
210 769 357 809 exanguis
494 767 640 807 exanguis
782 767 927 808 exanguis
1070 767 1214 807 exanguis
1354 767 1516 808 exsanguis

211 819 340 851 tumidos
493 817 613 848 timidos
781 817 902 847 timidos
1072 816 1200 847 tumidos
1355 817 1482 848 tumidos

107 873 164 903 723
213 868 311 909 privas
495 868 630 908 privasse
783 868 918 908 privasse
1071 868 1170 907 privas
1355 867 1455 907 privas

214 920 240 950 si
496 917 523 947 si
782 918 809 947 si
1072 916 1098 946 si
1355 917 1385 946 in

215 981 336 1010 corpore
498 978 619 1008 corpore
783 976 905 1005 corpore
1072 976 1192 1006 corpore
1356 975 1482 1006 corpora

108 1024 166 1053 724
214 1020 296 1050 milia
497 1017 578 1047 milia
783 1015 864 1045 milia
1071 1015 1163 1045 millia
1357 1016 1449 1046 millia

108 1071 166 1103 726
215 1070 258 1099 Ut
497 1067 578 1096 deest
784 1065 864 1095 deest
1069 1065 1151 1094 deest
1357 1065 1437 1095 deest

214 1119 413 1154 Quaerendum
497 1116 686 1151 Querendum
784 1115 972 1149 Querendum
1070 1116 1270 1150 Quaerendum
1357 1115 1556 1149 Quaerendum

109 1173 166 1202 727
205 1170 208 1171 ’
215 1173 357 1198 venentur
498 1172 641 1197 venentur
784 1169 947 1194 veneantur
1070 1172 1214 1196 venentur
1359 1170 1502 1195 venentur

214 1228 338 1257 quaeque
498 1226 614 1255 queque
784 1223 900 1253 queque
1070 1225 1194 1254 quaeque
1358 1225 1485 1254 quaeque

109 1272 166 1300 728
214 1267 338 1307 ipseque
498 1266 621 1305 ipsaque
783 1264 906 1303 ipsaque
1070 1263 1193 1303 ipseque
1359 1264 1489 1304 ipsaeque

109 1321 166 1350 729
214 1316 301 1355 quasi
498 1315 583 1354 quasi
783 1314 869 1353 quasi
1071 1312 1157 1351 quasi
1356 1313 1421 1352 jam

109 1370 167 1399 730
214 1365 277 1405 ipse
498 1366 562 1405 ipse
782 1363 846 1402 ipse
1071 1362 1147 1402 ipsae
1359 1363 1434 1402 ipsae

109 1419 162 1449 731
214 1415 384 1455 suppeditat
497 1414 668 1455 suppeditat
783 1411 956 1452 suppeditat
1070 1413 1263 1453 suppeditant
1359 1411 1532 1452 suppeditat

214 1472 284 1497 sunt
498 1470 567 1494 sunt
783 1467 852 1492 sunt
1070 1468 1140 1493 sunt
1358 1463 1419 1493 sint

110 1519 167 1548 732
216 1516 345 1547 Solicitae
502 1515 629 1545 Solicitae
787 1512 919 1542 Solieitae
1073 1513 1213 1542 Sollicitae
1360 1511 1502 1542 Sollicitae

215 1567 360 1597 evolitant
500 1565 643 1594 evolitant
785 1562 930 1592 evolitant
1072 1562 1217 1592 evolitant
1358 1562 1486 1592 volitant

216 1616 351 1655 fameque
500 1613 644 1653 famaeque
785 1613 930 1651 famaeque
1072 1612 1208 1651 fameque
1357 1611 1493 1651 fameque

112 1670 168 1699 733
216 1670 248 1695 et
260 1665 319 1694 fine
501 1668 532 1692 et
545 1663 603 1692 fine
787 1668 817 1692 et
831 1662 889 1691 fine
1072 1668 1102 1692 et
1115 1663 1173 1692 fine
1358 1660 1454 1690 adfine

112 1720 169 1749 734
220 1714 262 1744 E‘t
504 1713 548 1742 Ec
789 1712 833 1741 Ec
1075 1712 1116 1741 Et
1360 1711 1402 1740 Et

218 1765 333 1796 animus
503 1762 609 1792 animis
789 1762 894 1791 animis
1073 1762 1187 1791 animus
1358 1761 1473 1791 animus

219 1820 349 1856 contage
503 1816 630 1851 contage
789 1816 916 1851 contage
1073 1811 1213 1851 contagia
1361 1815 1488 1850 contage

218 1865 352 1906 fungitur
502 1861 625 1901 fingitur
787 1862 910 1901 fingitur
1073 1861 1208 1901 fungitur
1360 1859 1493 1900 fungitur

115 1922 170 1951 735
216 1916 306 1945 facile
504 1911 592 1940 facile
788 1911 876 1942 facile
1073 1911 1171 1941 facere
1359 1909 1458 1938 facere

115 1969 171 2000 736
219 1970 310 2004 atque
504 1965 593 2000 atque
789 1967 880 2001 atque
1075 1967 1106 1992 at
1123 1972 1182 2002 qua
1360 1964 1392 1988 at
1405 1962 1465 1998 qua

116 2021 172 2050 737
222 2016 308 2045 Haut
507 2011 598 2041 Haud
791 2011 883 2042 Haud
1077 2011 1168 2041 Haud
1363 2009 1454 2038 Haud

115 2070 172 2100 738
220 2065 271 2104 qui
283 2075 350 2094 cum
505 2062 555 2101 qui
569 2072 635 2091 cum
772 2056 775 2057 ⁷
788 2062 839 2102 qui
854 2072 920 2091 cum
1073 2061 1123 2101 qui
1136 2071 1202 2090 cum
1354 2060 1418 2100 jam

116 2121 174 2149 740
221 2115 361 2144 Convexe
506 2113 677 2141 Connexere
790 2113 961 2142 Connexere
1075 2111 1223 2139 Counexae
1361 2109 1509 2138 Connexae

218 2175 284 2194 cum
297 2174 388 2194 sensu
505 2173 570 2192 cum
584 2172 675 2192 sensu
789 2173 855 2191 cum
869 2172 959 2191 sensu
1075 2170 1221 2190 consensu
1361 2169 1506 2188 consensu

118 2219 174 2248 742
223 2214 382 2243 Seminium
507 2212 656 2241 Seminum
791 2210 950 2241 Seminium
1077 2210 1237 2240 Seminium
1363 2207 1525 2237 seminium

222 2263 325 2303 vulpes
342 2263 427 2293 dolus
506 2262 609 2303 vulpes
624 2262 708 2292 dolus
788 2261 893 2301 vulpes
908 2259 994 2290 dolus
1075 2261 1179 2301 vulpes
1193 2260 1278 2291 dolus
1365 2257 1444 2287 dolu'
1459 2257 1594 2296 volpibus

223 2323 326 2342 cervos
506 2323 609 2343 cervos
790 2311 885 2340 cervis
1075 2311 1171 2340 cervis
1362 2307 1458 2337 cervis

119 2367 176 2396 744
224 2365 324 2391 cetera
507 2366 616 2392 caetera
792 2365 892 2390 cetera
1075 2365 1187 2390 caetera
1363 2362 1463 2387 cetera

120 2418 176 2447 745
225 2411 344 2440 ineunte
507 2417 626 2442 meunte
791 2410 911 2439 ineunte
1077 2410 1196 2439 ineunte
1364 2407 1484 2437 ineunte

225 2465 422 2502 generascunt
510 2464 708 2501 generascunt
792 2465 991 2499 generascunt
1078 2463 1277 2500 generascunt
1364 2456 1592 2496 ingenerascunt

225 2511 402 2551 ingenioque
509 2511 684 2551 ingemoque
793 2509 823 2538 in
837 2519 979 2549 gemeque
1077 2510 1253 2550 ingenioque
1364 2506 1453 2545 inque
1473 2510 1619 2546 genunt-ur

121 2566 178 2598 746
225 2560 406 2599 seminioque
509 2560 679 2599 seminoque
794 2558 975 2598 seminioque
1078 2558 1259 2598 seminioque
1364 2554 1545 2596 seminioque

122 2619 178 2648 747
227 2621 343 2650 quoqm
510 2620 626 2649 quoque
794 2619 912 2649 quoque
1079 2619 1197 2648 quoque
1364 2611 1429 2636 toto

123 2668 180 2697 749
227 2660 381 2701 permixtis
512 2659 666 2700 permixtis
796 2658 951 2699 permixtis
1080 2657 1228 2698 permistis
1365 2656 1513 2697 permistis

228 2709 308 2740 deest
513 2720 636 2749 corpora
798 2718 921 2748 corpora
1081 2708 1162 2737 deest
1365 2706 1446 2736 deest

124 2767 182 2797 750
228 2761 351 2790 hireano
513 2759 637 2789 hircano
798 2757 920 2786 hircano
1083 2758 1206 2788 hircano
1369 2757 1511 2797 Hyrcano

125 2816 181 2846 753
228 2810 321 2840 saecla
514 2809 607 2839 saeela
800 2806 893 2836 soecla
1084 2807 1166 2837 secla
1368 2807 1457 2837 saecla

125 2866 181 2895 754
228 2860 312 2890 aiunt
514 2864 608 2900 agunt
800 2860 895 2896 agunt
1086 2856 1169 2887 aiunt
1368 2856 1453 2887 aiunt

127 2915 183 2946 759
229 2915 263 2941 ut
516 2913 550 2940 ut
800 2906 883 2938 deest
1087 2911 1123 2938 ut
1371 2911 1406 2937 ut
