1967 3314
579 295 805 344 LIBRI
852 292 1100 345 PRIMI.
1222 278 1225 281 ’
1502 301 1588 344 181

1343 456 1384 475 Ex
1395 456 1558 477 TYPOGRA-

460 478 582 499 PAULUS
598 479 731 500 FRIDBN-
760 481 950 501 Tul-:enonas
964 480 1005 500 DE

1319 510 1396 529 PHIA
1409 510 1588 531 SOCIETATis

214 510 414 532 PERRANDUS.

1115 514 1227 534 ALDUS.

530 534 664 554 PERGER.
766 533 998 554 RAGAZONIBUS.

1356 564 1550 584 BIPONTINAE.

815 639 951 668 Venetiis.
1099 639 1235 669 Venetiis.

1386 633 1486 674 Biston
1490 634 1520 663 ti.

841 731 924 758 1495.
1127 731 1210 758 1500.
1407 729 1420 754 1
1426 728 1492 758 782.

475 809 574 839 inesse

476 856 595 899 fugiant

476 909 555 940 deest

476 961 526 990 ula

477 1015 644 1051 exemptum

476 1070 562 1089 inane

477 1110 549 1139 nihil

476 1165 592 1200 raptum

1332 820 1468 845 mussant

1331 864 1462 906 fugitant

1331 919 1362 944 et

1332 963 1394 993 viai*

1047 817 1145 846 inesse

1045 866 1164 907 fugiant

1046 916 1126 946 deest

1046 966 1108 995 viai*

1045 1022 1215 1057 exemptum

763 815 860 844 inesse

762 864 880 904 fugiant

765 914 846 944 deest

763 975 817 994 nec
830 975 889 994 una

763 1020 931 1054 exemptum

762 1065 850 1094 inane

762 1115 836 1144 nihil

760 1168 878 1203 raptum

193 827 284 846 musae

192 865 311 906 fugiant

193 915 272 946 deest

194 967 255 996 ulla

191 1021 361 1057 exemptum

191 1065 279 1095 inane

192 1116 266 1145 nihil

191 1170 308 1205 mptum

89 873 146 904 659

89 973 147 1001 660

88 1023 143 1051 661

87 1121 146 1150 663

87 1221 145 1249 666
190 1226 250 1246 una
475 1221 533 1239 nna
759 1224 819 1242 una
1329 1212 1390 1242 ulla

87 1270 143 1302 667
192 1266 276 1306 Ignis
478 1259 561 1299 Ignis
761 1263 846 1303 Ignis
1331 1263 1433 1302 Igneis

189 1315 218 1344 jn
235 1320 328 1345 «ἓως
474 1309 599 1338 incoctus
760 1313 885 1341 incoetus
1330 1313 1359 1342 in
1373 1319 1451 1343 coetu

759 1364 866 1403 stringi

759 1423 948 1451 massamque

759 1461 840 1491 nulla

759 1516 915 1551 reparcent

760 1562 878 1592 Occidit

759 1623 932 1652 quoeuuque

760 1667 926 1692 mutuatum

759 1723 837 1741 mors

759 1762 877 1801 aliquod

759 1822 880 1841 necesse
893 1816 941 1841 est

758 1860 824 1890 ollis

1329 1364 1443 1404 stingui

1329 1421 1500 1456 mutareque

1329 1464 1389 1495 ulla

1329 1524 1484 1555 reparcent

1331 1565 1458 1596 Occidet

1329 1627 1509 1658 quaecunque

1330 1672 1475 1697 mutatum

1330 1726 1408 1745 mors

1330 1765 1440 1805 aliquid

1329 1816 1494 1846 necesse'st

1329 1865 1355 1894 ol
1360 1866 1380 1894 li

189 1366 301 1406 stingui
474 1358 581 1397 stringi

188 1426 379 1455 mussareque
473 1419 662 1447 massareque

187 1466 270 1496 nulla
472 1458 553 1487 nulla

187 1522 344 1556 reparcent
472 1514 627 1548 reparcent

188 1563 313 1593 Occidet
473 1559 591 1589 Occidit

187 1622 373 1652 quaecuuque
472 1619 646 1648 quecunque

188 1667 354 1692 mutuatum
472 1663 638 1688 mutuatum

189 1723 269 1742 more
473 1718 551 1737 mors

189 1762 308 1802 aliquod
473 1757 591 1797 aliquod

188 1822 310 1841 necesse
323 1817 370 1842 est
473 1818 594 1837 necesse
607 1813 655 1838 est

187 1863 241 1891 olis
471 1856 538 1886 ollis

1043 1517 1183 1552 pararent

1045 1562 1170 1592 Occidet

1045 1622 1225 1652 quaecunque

1044 1668 1191 1692 mutatum

1043 1722 1123 1741 mors

1044 1761 1160 1801 aliquod

1044 1822 1165 1841 necesse
1180 1817 1226 1841 est

1043 1861 1109 1891 ollis

82 1916 139 1947 674-
185 1912 310 1942 nihilum
471 1908 595 1937 nihilum
758 1911 881 1940 nihilum
1043 1910 1135 1940 nilum
1329 1916 1420 1945 nilum

81 1966 137 1997 675
185 1963 336 2002 nihiloque
470 1957 564 1987 nihilo
758 1960 851 1989 nihilo
1043 1959 1194 1999 nihiloque
1330 1966 1478 2006 nihiloque

758 2009 881 2049 quedam
1043 2009 1176 2048 quaedam

185 2012 318 2051 quaedam
468 2008 593 2048 quedam

183 2071 250 2101 quae
469 2069 527 2098 que

184 2112 248 2141 haec
470 2109 525 2138 hec

182 2162 293 2192 referet
468 2158 593 2188 referret

184 2212 317 2251 quaedam
469 2209 595 2248 quedam

184 2261 362 2291 descendere
469 2257 646 2288 descendere

185 2310 245 2340 alio
468 2307 527 2337 alio

185 2361 319 2399 quaedam
470 2358 597 2396 quedam

184 2415 300 2439 tantum
468 2413 584 2438 tantum

185 2465 301 2490 crearet
470 2464 585 2488 cremet

183 2509 227 2538 ita
240 2514 288 2539 est
470 2507 544 2536 itast

183 2559 316 2598 quaedam
471 2557 596 2596 quedam

183 2609 262 2650 iguis
470 2606 549 2646 ignis

182 2659 314 2689 similata
469 2655 599 2686 similata

182 2709 234 2739 ulli
469 2706 521 2735 ulli

183 2770 225 2789 ΙῈΙ
471 2767 512 2786 Tel

1328 2016 1460 2055 quaedam

757 2071 814 2099 que

757 2111 813 2140 hec

757 2160 880 2190 referret

757 2211 882 2250 quedam

757 2260 934 2290 descendere

755 2309 815 2338 alio

1043 2070 1108 2099 quae

1041 2111 1105 2140 haec

1042 2160 1165 2190 referret

1042 2210 1174 2249 quaedam

1041 2260 1220 2290 descendere

1041 2310 1100 2339 alio

1040 2362 1174 2399 quaedam

1041 2414 1157 2439 tantum

1041 2465 1156 2490 crearet

1041 2510 1114 2539 itast

1041 2560 1165 2599 quedam

1041 2610 1136 2651 igneis

1041 2660 1170 2690 similata

1041 2710 1093 2739 ulli

1040 2760 1083 2789 rei

1040 2820 1105 2848 quae

1040 2864 1143 2899 posset

1040 2909 1158 2949 adjectu

1039 2964 1162 2999 tang-em

1328 2077 1394 2106 quae

1328 2117 1391 2146 haec

1326 2166 1451 2195 referret

1327 2216 1459 2255 quaedam

1326 2266 1468 2295 decedere

1327 2316 1387 2346 alia

1325 2365 1458 2405 quaedarn

1325 2419 1424 2444 tamen

756 2463 872 2488 crearet

756 2509 830 2538 itast

757 2559 882 2598 quedam

1326 2469 1462 2494 crearent

1326 2514 1411 2543 ita'st

1326 2563 1458 2602 quaedam

1326 2612 1411 2652 ignes

1325 2661 1464 2692 simulata

1326 2711 1392 2741 ullae

1326 2760 1366 2789 rei
1363 2772 1378 2800 J

1325 2822 1390 2850 quae

1325 2861 1420 2901 possit

1325 2910 1442 2951 adjectu

1325 2965 1447 3000 tang-ere

183 2821 250 2850 quae
469 2818 526 2847 que

184 2865 286 2900 posset
468 2863 571 2898 posset

185 2916 204 2938 a
210 2909 295 2949 jectu
469 2909 567 2949 ajectu

187 2963 312 3000 tungare
471 2965 595 2999 tangere
