1967 3314
307 282 404 322 340
606 270 1060 319 VARIANTES
1100 270 1539 321 LECTIONES

1585 434 1626 454 ΣΧ
1642 434 1807 456 TYPOGRA-

1565 488 1643 508 PmA
1657 488 1841 511 socnrrATls

1598 542 1794 563 Btl‘os’nxffi.

712 451 833 472 PAULUS
845 451 981 472 rmum<-
1005 453 1197 475 Tussononus
1212 455 1253 474 DE

777 505 914 526 PERGER.

458 470 661 507 rzniunnus.
1362 487 1475 509 ALDUS.

1013 507 1247 529 RAGAzONuzus.

493 608 624 639 Brixiae.
787 608 919 639 Veronae.
1349 611 1487 643 Veraetiiar.

469 699 543 729 Sine
555 700 654 730 Anno.
808 702 890 731 1486.
1376 710 1459 737 1500.

445 789 581 820 stilantia
731 791 878 822 stillantia
1015 791 1150 822 stilantia
1297 794 1444 824 stillantia
1585 791 1730 821 stillanfi²

446 850 548 870 musco
732 845 832 871 musto
1016 846 1114 871 musto
1298 854 1400 874 musco
1586 850 1687 870 musco

447 894 562 919 scatere
731 896 844 920 statere
1015 895 1126 920 statere
1299 898 1415 924 scatere
1586 893 1701 918 scatere

449 939 517 970 Nec
529 940 599 969 dum
734 940 800 969 Nec
815 940 885 970 dum
1020 939 1087 969 Nec
1097 940 1166 970 dum
1300 952 1353 972 nec
1368 943 1438 972 dum
1588 938 1724 968 Necdum

447 989 559 1029 resigni
732 989 844 1029 resigni
1018 988 1130 1029 resigni
1300 1000 1347 1020 res
1362 991 1424 1031 igni
1586 998 1634 1017 res
1644 988 1707 1028 igni

447 1040 564 1069 scibant
733 1041 865 1071 scribant
1018 1038 1150 1068 scribant
1301 1040 1418 1070 scibant
1585 1038 1703 1068 scibant

449 1099 544 1128 neque
733 1101 828 1131 neque
1018 1098 1112 1127 neque
1304 1099 1399 1128 neque
1586 1097 1640 1116 nec

449 1145 564 1170 montes
733 1145 849 1170 montes
1019 1142 1134 1168 montes
1302 1138 1427 1168 monteis
1586 1136 1712 1166 monteis

447 1190 586 1230 squalida
734 1189 871 1229 squalida
1019 1188 1155 1228 squalida
1302 1187 1449 1228 squallida
1585 1186 1721 1226 squalida

448 1240 609 1280 imbrisque
733 1240 894 1279 imbrisque
1018 1237 1179 1275 imbrisque
1301 1237 1481 1276 imbreisque
1585 1236 1763 1276 imbreisque

448 1301 544 1330 neque
735 1301 830 1330 neque
1019 1298 1114 1327 neque
1303 1297 1397 1326 neque
1586 1297 1640 1316 nec

384 1350 399 1359 ⁸
448 1341 493 1370 uti
733 1340 815 1369 deest
1020 1337 1101 1366 deest
1303 1336 1346 1366 uti
1586 1335 1629 1365 uti

449 1389 537 1423 Quod
550 1389 656 1430 cuique
736 1389 938 1428 Quodcunque
1020 1387 1222 1426 Quodcunque
1301 1386 1504 1426 Quodcunque
1585 1384 1672 1418 Quod
1686 1384 1793 1424 cuique

450 1440 563 1471 screbat
735 1438 839 1469 fitebat
1020 1437 1123 1468 fitebat
1302 1436 1416 1466 ferebat
1585 1433 1700 1463 fetebat

1303 1488 1370 1519 966.

442 1542 591 1582 jungebat
735 1537 856 1577 lugebat
1020 1538 1141 1578 lug-ebat
1297 1538 1446 1577 jungebat
1580 1533 1729 1574 jungebat

449 1600 596 1629 quamque
735 1596 882 1625 quamque
1020 1597 1166 1626 quamque
1304 1597 1441 1626 quanque
1587 1593 1734 1622 qua-mque

450 1638 580 1668 violenta
735 1635 857 1665 violenti
1020 1636 1142 1666 violenti
1306 1636 1436 1666 violenta
1587 1632 1719 1662 violenta

450 1687 588 1727 praecium
735 1685 862 1724 pretium
1021 1686 1148 1726 pretium
1306 1686 1432 1726 pretium
1589 1681 1717 1722 pretium

450 1738 705 1767 consectabantur
736 1734 992 1765 Conflectabantur
1021 1735 1279 1766 Conflectabantur
1307 1736 1562 1766 consectabantur
1590 1732 1809 1763 consectabant

450 1787 543 1818 saecla
736 1785 819 1815 secla
1022 1785 1104 1816 secla
1307 1785 1389 1815 secla
1589 1781 1682 1812 saecla

451 1838 531 1868 deest
544 1848 648 1868 versus
739 1834 820 1863 deest
832 1844 937 1864 versus
1022 1835 1103 1865 deest
1115 1845 1219 1865 versus
1308 1835 1476 1865 Missilibus
1489 1835 1546 1864 &c.
1592 1832 1761 1863 Missilibus
1774 1833 1832 1862 &c-

453 1888 668 1929 Saetigerisque
738 1883 949 1924 saetigerisque
1025 1886 1239 1926 Saetigerisque
1310 1884 1511 1925 Setigerisque
1592 1883 1795 1924 Setigerisque

450 1939 601 1968 silvestria
737 1933 925 1963 silvestribUS
1024 1935 1211 1966 silvestribus
1306 1935 1457 1965 silvestria
1589 1933 1739 1970 silvestria

453 1988 617 2018 Nudabant
739 1983 905 2013 Nudabant
1025 1985 1190 2016 Nudabant
1307 1985 1459 2015 nudabant
1592 1983 1684 2014 Nuda
1695 1983 1807 2013 dabant

451 2039 593 2079 plangore
738 2033 879 2073 plangere
1023 2034 1165 2075 plangere
1306 2035 1447 2075 plangore
1590 2035 1731 2075 plangore

450 2089 635 2123 Quaerebant
737 2082 910 2116 Querebant
1023 2085 1195 2120 Querebant
1306 2085 1487 2120 Quaerebant
1590 2084 1769 2118 Quaerebant

451 2139 562 2169 umbris
737 2131 838 2161 imbris
1022 2135 1124 2166 imbris
1306 2135 1417 2165 umbris
1589 2133 1699 2163 umbris

452 2190 519 2221 966.
739 2183 803 2215 966.
1023 2185 1091 2217 966.

451 2247 538 2268 rosea
739 2236 811 2261 rotae
1022 2238 1095 2263 rotae
1306 2243 1391 2262 rosea
1590 2243 1677 2262 rosea

451 2286 531 2317 deest
738 2292 757 2311 a
1023 2294 1041 2313 a
1308 2283 1387 2312 deest
1590 2281 1671 2311 deest

451 2337 576 2367 insen-et
738 2331 849 2361 interat
1022 2332 1132 2362 interat
1305 2332 1428 2363 inferret
1591 2331 1713 2360 inferret

451 2386 528 2417 caelo
739 2381 810 2411 caelo
1023 2382 1095 2411 caelo
1305 2383 1380 2412 coelo
1396 2408 1407 2417 „
1591 2381 1664 2411 coelo

452 2436 530 2475 quod
543 2436 620 2466 enim
739 2430 817 2470 quod
830 2430 907 2461 enim
1023 2431 1101 2471 quod
1111 2430 1189 2462 enim
1307 2433 1445 2471 quoniam
1591 2431 1668 2471 quod
1681 2431 1758 2461 enim

453 2491 630 2515 consuerant
739 2486 915 2511 consuerant
1025 2484 1202 2511 conservant
1306 2486 1482 2512 consuerant
1591 2485 1768 2511 consuerant

452 2535 589 2566 deffidere
737 2531 773 2560 de
788 2531 885 2561 sidere
1023 2530 1060 2559 de
1076 2531 1172 2560 sidere
1305 2531 1437 2562 diffidere
1589 2530 1720 2560 diffidere

452 2584 666 2625 imperpetuum
736 2581 950 2621 imperpetuum
1024 2581 1235 2620 impeipetuum
1306 2582 1335 2611 in
1349 2585 1522 2622 perpetuum
1589 2580 1619 2610 in
1633 2583 1805 2620 perpetuum

451 2645 532 2665 curae
545 2635 624 2674 quod
737 2641 873 2671 curaeque
1023 2640 1161 2670 curaeque
1306 2642 1384 2661 curae
1397 2641 1465 2671 quae
1589 2641 1667 2660 curae
1679 2629 1758 2670 quod

451 2684 540 2714 saecla
736 2680 817 2710 secla
1022 2680 1103 2710 secla
1305 2681 1395 2712 saecla
1589 2679 1678 2710 saecla

453 2734 597 2764 Infestam
740 2730 777 2760 In
790 2730 897 2761 festam
1025 2730 1061 2759 In
1073 2729 1181 2759 sestam
1307 2730 1451 2760 Infestam

454 2783 610 2823 Ejectique
738 2780 780 2810 Et
793 2779 922 2820 lectique
1024 2780 1066 2810 Et
1077 2779 1204 2819 lectique
1307 2781 1464 2822 Ejectique

454 2833 676 2874 Spumigerique
738 2828 904 2870 spumigeri
1024 2829 1189 2871 Spumigeri
1304 2830 1465 2871 spumigeri

452 2882 482 2912 in
495 2887 641 2922 tempesta
736 2879 766 2908 in
780 2884 926 2919 tempesta
1022 2880 1051 2909 in
1064 2883 1211 2920 tempesta
1304 2879 1482 2919 intempesta
1587 2877 1766 2917 intempesta

453 2932 631 2974 Hospitibus
738 2932 920 2972 Hospicibus
1024 2929 1204 2970 Hospicibus
1306 2928 1485 2970 Hospitibus
1591 2926 1770 2968 Hospitibus
