1967 3314
370 281 468 321 450
767 273 1380 323 ANNOTATIONES

369 407 481 448 ἄστρων
496 403 618 443 ruffin,
640 405 707 438 ἥλιε
722 418 753 435 τε
769 419 819 438 nae
833 412 950 440 σεληνης
966 407 1126 444 hasidam,
1142 405 1334 446 ἔδειματυντσ,
1349 407 1431 441 Seme
1448 408 1559 446 οἶομενοι
1574 419 1669 438 τετυ,
1686 408 1780 442 αι’-ειυς
1794 409 1868 439 tim

371 458 454 490 Vide
467 459 527 490 vol.
545 458 583 490 11
591 459 616 490 Ι.
636 470 664 499 p.
683 463 752 491 193.

557 566 600 595 54
624 560 730 606 Cogit
745 560 789 596 ad
804 561 988 608 imperium
1004 573 1073 605 res,
1089 568 1126 598 et
1143 562 1339 598 concedere
1354 573 1514 608 regnum:
1543 568 1575 598 et

414 639 512 671 Deest
531 646 572 678 et,
586 640 619 670 in
637 639 733 671 MSS.
749 640 840 671 Voss.

557 756 600 785 55
625 751 786 795 Quorum
802 761 945 796 operum
964 762 1086 785 causas
1110 749 1207 785 nulla
1223 751 1359 786 ratione
1376 750 1495 786 videre

623 813 790 856 Possunt,
805 811 882 848 haec
898 812 975 847 fieri
991 813 1110 848 divino
1127 813 1269 848 numine
1285 820 1418 848 rentur.

412 893 524 934 Apage
538 900 745 932 ταυτολογιαν.
790 893 902 932 Inepte
917 893 978 923 huc
993 892 1100 923 inserti
1116 899 1190 923 sunt
1204 903 1242 923 ex
1257 903 1285 923 v.
1304 896 1357 930 89,
1375 896 1423 924 90.

555 1013 599 1040 66
625 1007 707 1051 Quo
724 1005 831 1051 magis
846 1012 1001 1041 errantes
1018 1010 1087 1040 tota
1105 1006 1237 1051 regione
1251 1004 1422 1041 feruntur.

415 1086 453 1117 Ο.
469 1096 494 1117 c.
509 1087 642 1117 ratione.
684 1086 771 1127 Lege

725 1169 790 1194 tota
809 1162 827 1194 ὲ
842 1164 963 1195 ratione
977 1163 1130 1195 feruntur.

411 1241 496 1272 Vide
510 1241 563 1272 lib.
579 1242 619 1272 V.
635 1252 662 1272 v.
681 1245 729 1272 23.
755 1245 774 1271 2
792 1241 889 1273 MSS.
905 1242 999 1272 Voss.
1023 1252 1105 1273 caeca
1119 1242 1249 1272 ratione.

555 1362 599 1389 80
624 1355 789 1401 Rejiciat‚
803 1366 998 1401 quanquam
1017 1363 1098 1390 sunt
1115 1355 1136 1390 a
1153 1367 1209 1390 me
1225 1354 1337 1390 multa
1349 1357 1501 1400 profata,

413 1435 454 1465 Ο.
468 1444 493 1466 c.
517 1435 668 1474 prosecta;
691 1434 818 1474 optime.
853 1435 888 1465 C.
914 1435 1023 1473 Nepos
1047 1435 1080 1464 in
1101 1435 1226 1465 Attico.-
1259 1437 1282 1453 “
1300 1435 1336 1465 P.
1362 1444 1434 1465 vero
1450 1432 1627 1464 Volumnio
1642 1443 1678 1463 ea
1693 1433 1813 1471 tribuit,
1834 1438 1870 1462 ut

370 1489 461 1529 plura
476 1500 494 1519 a
509 1496 595 1529 patre
611 1489 763 1528 proficisci
781 1499 843 1519 non
857 1488 1047 1528 potuerint.”

556 1597 599 1626 82
624 1590 801 1632 Versibus,
816 1596 852 1624 et
868 1589 958 1624 ratio
976 1589 1066 1632 eceli,
1083 1588 1288 1636 speciesque
1305 1588 1482 1624 tenenda:

413 1671 452 1707 Q.
469 1681 497 1701 c.

581 1763 667 1770 —
682 1756 833 1786 superum
849 1745 978 1788 caelique
993 1745 1140 1776 tenenda:

415 1824 482 1856 Cod
500 1825 648 1855 Memmii
660 1837 667 1854 z

725 1907 755 1933 et
771 1902 850 1932 ratio
864 1901 996 1942 caelique
1012 1901 1156 1932 tenenda:

555 2011 599 2056 94
625 2004 677 2039 Te
693 2004 784 2039 duce
800 2011 840 2039 ut
856 2006 1013 2050 insignem
1031 2003 1165 2051 capiam
1183 2015 1262 2039 cum
1279 2003 1383 2039 laude
1400 2015 1577 2039 coronam.

411 2085 450 2121 Q.
468 2083 568 2115 Codd.
584 2084 675 2114 Voss.
690 2084 819 2124 insigni.

535 2193 600 2220 104
624 2186 716 2220 Nam
733 2192 794 2220 aut
811 2185 936 2220 cadere
953 2185 1096 2231 abrupto
1114 2185 1282 2221 deberent
1297 2186 1455 2232 pondere
1466 2197 1608 2231 pressat,

410 2267 510 2307 Lego,
526 2266 701 2306 abruptim3
723 2266 760 2296 Β.
776 2264 826 2294 vel
840 2271 876 2295 ut
891 2275 919 2305 q.
934 2274 960 2295 c.
977 2270 1032 2295 aut
1046 2265 1156 2302 bruto;
1177 2266 1221 2295 sic
1237 2269 1256 2295 ‘2
1271 2265 1370 2296 Codd.
1386 2266 1479 2296 Voss.
1516 2265 1606 2306 Lego
1618 2266 1752 2305 pondere
1766 2265 1869 2306 ‚fe-sn.

369 2321 515 2352 Profecto
537 2331 602 2351 non
627 2326 814 2360 premuntur
829 2321 928 2350 alieno
953 2319 1097 2359 pondere,
1125 2320 1179 2350 sed
1194 2319 1366 2360 fatigantur
1388 2331 1452 2356 suo,
1479 2326 1510 2350 et
1525 2319 1658 2360 proinde
1673 2319 1870 2351 delabuntur.

366 2387 514 2418 Valerius
530 2387 668 2419 Flaccus.
689 2387 714 2417 I.
732 2389 804 2416 851.

581 2468 710 2508 Ingenti
719 2468 803 2509 jacet
817 2477 870 2497 ore
885 2468 992 2505 chaos,
1009 2466 1093 2508 quod
1105 2465 1242 2506 pondere
1258 2466 1372 2497 fessam

582 2527 751 2557 Materiem
764 2526 950 2566 labsumque
964 2532 1065 2566 queat,
1087 2535 1274 2556 consumere
1288 2525 1457 2556 mundum.

533 2645 598 2673 llo
612 2639 793 2674 Interdum
810 2639 981 2686 perscissa
996 2638 1079 2674 furit
1096 2638 1335 2685 petulantibus
1352 2639 1461 2673 Euris

409 2718 438 2749 1.
455 2729 481 2749 e.
506 2718 629 2750 Nubes:
654 2730 683 2750 v.
703 2723 773 2750 157.
792 2722 812 2750 2
826 2719 925 2750 Codd.
938 2719 1030 2750 Voss.
1042 2719 1136 2750 auris.

510 2828 573 2856 128
600 2821 691 2856 Tum
707 2821 962 2868 perterricrepo
980 2821 1099 2858 sonitu
1115 2821 1176 2856 dat
1192 2822 1294 2856 mista
1311 2818 1495 2865 fragorem.

409 2901 530 2933 Melius
545 2901 583 2933 al.
599 2901 685 2933 Edit.
702 2902 805 2933 missa.

1069 2989 1091 3016 5
