1967 3314
128 733 186 764 699

130 835 187 864 700

130 885 184 914 701

130 985 186 1013 703

130 1084 187 1113 704

122 2130 179 2159 720

123 2229 181 2258 722

124 2278 181 2307 725

125 2327 181 2355 724

125 2423 182 2454 726

124 2525 180 2554 727

123 2625 180 2653 728

124 2674 180 2703 729

123 2724 180 2752 730

124 2873 178 2902 731

251 421 427 443 FERRANDU
432 422 455 442 S·

551 205 764 256 LIBRI
811 204 1169 256 SECUNDI.

502 390 625 411 PAULUS
638 392 772 412 FRIDEN-
794 391 990 412 TREonor-US
1004 392 1046 412 DE

806 445 1041 466 RAGAZONIBUS·

568 444 705 467 PERGER.

854 550 995 579 Venetiis'.

1155 424 1269 446 ALDUS.

1543 224 1637 266 215

1388 375 1426 395 EX
1437 377 1601 400 TYPOGRA-

1358 429 1436 449 PRIA
1452 430 1631 455 SOCIETATIS

1399 483 1595 506 BIPONTINAE.

223 610 1634 623 ————-———.——————————-

234 729 368 758 connecti

233 779 395 818 putandum
408 783 455 809 est

234 838 292 858 non

234 878 346 917 speties

233 928 364 958 existere

234 979 368 1007 connecti

234 1028 364 1057 membra

233 1076 378 1107 flammam

232 1131 312 1157 tetro

231 1177 373 1217 spirantis

231 1227 377 1258 chimeras

229 1277 328 1306 omnia
339 1279 472 1317 parentis

228 1325 302 1355 nihil

227 1375 415 1406 manifestum
429 1381 476 1407 est

227 1425 373 1465 genitrice

228 1484 349 1505 necesse
361 1480 410 1505 est

229 1530 327 1556 arctus

229 1574 385 1605 discedunt

229 1625 429 1656 convenientis

229 1685 263 1703 ac

229 1724 318 1754 caecis

228 1774 306 1808 Quae

227 1817 374 1864 quoquam

229 1873 342 1904 vitalis

227 1922 337 1952 imitari

227 1972 363 2012 quaedam

226 2022 413 2054 disterminat

226 2073 321 2102 omnis

226 2133 350 2163 cumque

225 2183 346 2203 necesse
359 2179 407 2204 est

226 2232 285 2261 quo

226 2271 303 2310 quod

231 2323 293 2349 tum

227 2379 349 2400 necesse
361 2377 408 2401 est

228 2424 383 2460 motusque

230 2469 310 2500 deest

228 2520 359 2561 Corpora

228 2570 388 2614 sejungunt

227 2619 387 2660 celumque

228 2671 354 2709 quaesita

226 2720 290 2749 haec

226 2771 304 2800 albis

226 2830 263 2849 ex
277 2820 345 2851 alba

226 2879 292 2910 quae

519 728 661 754 conuecta

518 774 712 812 putandumst

520 833 587 853 nam

519 874 630 915 speties

519 923 648 954 existere

520 979 663 1004 conuecta

520 1025 651 1056 membra

518 1074 634 1104 flamam

519 1130 598 1155 tetro

518 1174 660 1214 spirantis

517 1225 662 1255 chimeras

516 1276 593 1304 omni
608 1276 738 1315 parentis

516 1325 589 1354 nihil

514 1376 733 1408 manifestumst

515 1426 658 1467 genitrice

514 1482 667 1507 necessest

515 1530 599 1556 artus

514 1575 670 1607 discedunt

515 1627 718 1658 convenientis

515 1685 551 1704 ac

514 1835 661 1864 quoquam

515 1874 629 1905 vitalis

514 1923 623 1953 imitari

513 1973 631 2012 qaedam

513 2023 700 2054 disterminat

513 2072 608 2103 omnis

512 2133 637 2163 cumque

513 2178 665 2204 necessest

512 2233 572 2262 quo

514 2272 592 2312 quod

515 2327 577 2352 tum

513 2377 666 2402 necessest

513 2426 668 2461 motusque

515 2470 593 2499 deest

514 2520 642 2561 Corpore

513 2581 545 2600 se
553 2572 685 2612 jungunt

513 2620 677 2660 caelumque

513 2680 570 2709 que
584 2670 643 2700 sita

514 2721 569 2765 hec

514 2770 581 2800 alba

465 2830 468 2839 ¹
513 2829 551 2849 ex
565 2820 640 2851 albis

512 2881 570 2911 que

886 644 968 672 1495.

807 734 949 759 conuecta

806 779 999 818 putandumst

807 837 873 856 nam

807 877 918 917 speties

807 927 937 956 existere

806 981 950 1006 conuecta

807 1025 928 1055 menbra

806 1073 922 1104 flamam

806 1127 885 1153 tetro

806 1173 948 1214 spirantis

805 1225 951 1256 chimeras

805 1274 884 1304 omni
896 1275 1030 1314 parentis

804 1324 875 1353 nihil

803 1372 1022 1404 manifestumst

803 1422 946 1463 genitrice

803 1480 955 1504 necessest

802 1527 885 1553 artus

803 1573 960 1604 discedunt

802 1623 1003 1653 convenientis

802 1683 837 1702 ac

802 1832 949 1862 quoquam

807 1873 917 1903 Vitalis

801 1923 911 1952 imitari

801 1973 935 2011 quaedam

800 2023 987 2053 disterminat

800 2073 895 2103 omnis

801 2133 925 2162 cumque

800 2180 953 2205 necessest

800 2234 859 2262 quo

800 2274 878 2313 quod

799 2328 862 2353 tum

801 2378 954 2404 necessest

804 2428 958 2464 motusque

801 2471 881 2501 deest

801 2523 930 2562 Corpore

801 2583 833 2602 se
842 2573 974 2613 jungunt

802 2622 964 2662 caelumque

801 2683 858 2712 que
871 2673 932 2703 sita

801 2722 856 2751 hec

801 2771 872 2801 alba

801 2831 840 2850 ex
853 2821 929 2852 albis

802 2879 861 2911 que

1171 644 1257 670 1500.

1093 730 1227 760 connecti

1093 780 1257 818 putandust

1094 840 1161 859 nam

1094 879 1209 919 species

1094 928 1223 959 existere

1094 979 1228 1009 connecti

1095 1028 1224 1058 membra

1093 1076 1239 1107 flammam

1093 1131 1173 1157 tetro

1093 1177 1252 1217 spiranteis

1093 1226 1251 1256 chimoeras

1092 1277 1321 1316 omniparenteis

1093 1325 1134 1355 nil

1092 1375 1282 1407 manifestust

1092 1426 1235 1466 genitrice

1091 1482 1244 1508 necessest

1091 1531 1174 1557 artus

1091 1576 1274 1608 descendunt

1092 1627 1325 1658 conventienteis

1091 1681 1122 1705 at

1090 1726 1180 1756 caecis

1091 1776 1165 1809 Quae

1091 1836 1238 1865 quoquam

1091 1876 1223 1907 Vitaleis

1089 1925 1197 1957 imitari

1088 1975 1221 2015 quaedam

1088 2025 1271 2056 discriminat

1087 2076 1199 2106 omneis

1087 2136 1202 2165 cunque

1089 2180 1241 2206 necessest

1086 2235 1145 2264 quo

1086 2274 1165 2313 quod

1086 2335 1152 2353 cum

1088 2380 1240 2404 necessest

1086 2429 1241 2464 motusque

1087 2478 1118 2503 ct

1088 2524 1219 2564 Corpora

1087 2574 1248 2614 sejungunt

1087 2622 1247 2662 caelumque

1088 2673 1213 2711 quaesita

1089 2723 1151 2752 haec

1089 2782 1126 2801 ex
1141 2772 1216 2804 albis

1090 2822 1158 2852 alba

1090 2882 1156 2912 quae

1379 729 1513 758 connecti

1378 779 1552 818 putandu'st

1378 839 1446 859 nam

1378 880 1493 919 species

1379 928 1526 959 exsistere

1379 980 1514 1010 connecti

1381 1029 1511 1060 membra

1379 1077 1525 1109 flammam

1379 1133 1470 1159 taetro

1379 1179 1539 1219 spiranteis

1381 1228 1542 1259 Chimaeras

1378 1278 1608 1318 omniparenteis

1378 1327 1419 1357 nil

1377 1376 1578 1409 manifestu‘st

1377 1429 1529 1469 genetrice

1377 1479 1542 1510 necesse'st

1377 1533 1461 1560 artus

1376 1578 1533 1609 discedunt

1375 1629 1608 1660 couventienteis

1375 1683 1407 1708 at

1376 1728 1462 1758 caecis

1374 1777 1449 1812 Quae

1373 1827 1510 1867 cuiquam

1374 1876 1506 1908 Vitaleis

1374 1926 1498 1956 animari

1376 1975 1489 2006 Eadem

1374 2037 1421 2056 res
1435 2026 1575 2056 terminat

1373 2076 1486 2106 omneis

1373 2137 1519 2167 quamque

1374 2176 1540 2206 necesse’st

1373 2226 1453 2266 quod

1373 2276 1443 2316 quia

1372 2337 1438 2357 cum

1372 2375 1535 2406 necesse'st

1370 2430 1484 2454 motus:
1507 2435 1574 2465 quae

1374 2474 1455 2503 deest

1371 2525 1504 2565 Corpora

1371 2575 1532 2615 sejungunt

1372 2625 1535 2665 coelumque

1372 2674 1499 2714 quaesita

1373 2724 1437 2753 haec

1371 2773 1448 2804 albis

1372 2835 1409 2853 ex
1423 2824 1491 2854 alba

1375 2885 1441 2916 quae
