1967 3314
476 230 816 280 RICARDI
865 229 1252 278 BENTLEII.

259 371 273 398 1
283 370 347 398 140
371 364 455 398 Non
471 363 522 398 ita
538 363 678 398 difficile
694 369 748 399 est
765 375 868 409 quam
888 370 1029 410 captum
1046 363 1177 398 retibus
1193 361 1278 408 ipsis

371 427 492 462 Exire:
521 434 557 462 et
574 427 709 462 validos
726 427 875 462 Veneris
891 437 1114 472 perrumpere
1132 425 1256 461 nodos.

160 499 343 540 Propertius
358 500 386 530 Ι.
404 503 452 530 16.

334 576 378 606 Et
392 576 471 606 mihi
487 586 553 607 non
568 576 684 607 desunt
698 582 804 616 turpes
818 575 954 616 pendere
970 574 1109 606 corollae:

160 654 183 685 J
184 663 269 684 anua
283 652 430 692 loquitur.

333 726 511 768 Osculaque
526 726 684 766 impressis
698 726 774 756 nixa
795 725 867 757 dedi
882 725 1040 767 gradibus,

161 804 295 834 Amator
310 802 351 833 ad
363 803 505 844 januam.
551 802 699 833 Tibullus
716 802 746 832 Ι.
764 805 793 833 2.

434 889 508 908 cum
519 879 601 918 posti
618 878 727 909 florida
742 883 824 909 serta
838 878 955 909 darem.

264 984 278 1010 1
288 984 352 1012 173
379 979 494 1022 Quem
512 976 541 1011 si
551 978 626 1023 jam
642 975 832 1012 admissum
849 978 1031 1012 venientem
1047 973 1232 1011 offenderit
1247 984 1330 1010 aura

163 1048 203 1084 Q.
219 1046 317 1077 Codd.
333 1046 479 1084 veniens;
502 1046 597 1084 1·ect(÷‚
612 1046 675 1076 vid.
692 1045 745 1076 lib.
761 1046 824 1077 VI.
836 1056 864 1077 v.
884 1047 959 1077 265.

265 1151 352 1179 1273
378 1145 469 1178 Nam
486 1143 569 1178 facit
585 1144 661 1190 ipsa
677 1143 748 1179 suis
763 1143 940 1179 interdum
956 1142 1096 1178 faemina
1111 1141 1225 1186 factis,

376 1206 631 1253 Morigerisque
647 1206 772 1250 modis,
790 1213 827 1242 et
842 1207 975 1241 mundo
992 1203 1141 1252 corpori‘
1160 1205 1270 1247 cultu,

164 1287 317 1320 Afranius
333 1286 480 1325 Vopisc0:

339 1363 436 1394 Aetas
450 1368 481 1393 et
495 1374 607 1402 corpus
622 1369 777 1401 tenerum,
792 1369 824 1393 et
837 1363 1049 1403 mon’geratio,

336 1418 418 1448 Haec
432 1423 506 1448 sunt
520 1427 641 1447 venena
656 1417 865 1447 formosarum
880 1416 1051 1448 mulierum

166 1496 347 1537 Propertius
364 1496 412 1526 ΙΙ.
431 1498 479 1526 15.

339 1574 426 1611 Quid
440 1574 466 1603 si
483 1583 540 1603 nec
555 1582 673 1603 nomen
688 1582 746 1602 nec
761 1581 813 1602 me
824 1576 880 1602 tua
893 1571 996 1602 forma
1009 1576 1141 1615 teneret,

382 1629 492 1660 Posset
507 1627 670 1661 servitium
685 1627 763 1660 mite
777 1632 882 1659 tenere
898 1631 998 1659 tuum2

1529 234 1624 276 439
