1967 3314
439 201 781 251 RICARDI
822 199 1213 250 BENTLEII.
1517 209 1614 250 445

276 342 342 372 879
367 334 460 370 Hinc
476 335 573 370 illinc
590 346 652 381 par
666 334 718 370 vis
733 340 774 370 ut
789 347 855 369 non
870 337 917 369 sic
932 345 1010 369 esse
1024 334 1118 380 potis
1135 333 1180 369 sit

155 417 228 447 IVon
244 416 312 447 sic?

272 520 339 547 890
364 512 439 547 Aut
456 513 583 557 rapidis
598 512 742 547 canibus
759 512 955 547 succinctas
973 510 1200 546 semimarinis

153 580 292 612 Rabidis.

274 684 339 713 937
367 677 589 713 Glandiferas
605 678 697 712 inter
715 678 882 712 curabant
899 687 1046 722 corpora
1063 687 1211 722 quercus

149 761 313 792 Arnobius
328 762 379 792 lib.
398 762 447 792 II.
494 762 541 792 Sit
555 763 642 793 cibus
653 780 696 786 —
708 768 744 792 ut
758 761 872 793 saecula
887 761 1050 792 imitemur
1065 762 1203 803 antiqua,
1227 772 1265 793 ex
1288 762 1392 794 cinere
1406 762 1496 794 caldo
1516 763 1607 805 glan-

107 815 172 856 des,
188 823 244 848 aut
258 828 296 848 ex
313 817 408 847 ramis
422 818 596 857 agrestibus
611 816 758 848 bacculae.

275 922 341 950 940
365 916 520 950 Plurima
535 922 609 949 tum
628 914 733 949 tellus
751 914 855 949 etiam
871 915 1004 961 majora
1020 913 1163 950 ferebat.

147 983 268 1021 Plutia,
294 985 355 1025 leg.

272 1089 338 1117 946
364 1082 528 1128 Denique
546 1083 709 1127 noctivagi
725 1081 896 1117 silvestria
912 1080 1044 1127 templa
1059 1082 1226 1117 tenebant

146 1156 244 1198 Lege,
260 1161 352 1186 nocte
366 1157 445 1197 vagi.

270 1268 335 1297 947
361 1262 615 1308 Nympharum,
632 1262 756 1308 quibus
774 1262 915 1298 exibant
931 1264 1066 1297 humore
1081 1263 1213 1298 fluenta

148 1345 250 1386 Lego,
273 1346 399 1376 humori
415 1346 541 1377 fluenta.
564 1347 617 1376 lib.
640 1347 699 1377 1V.
715 1357 742 1377 v.
760 1350 917 1378 1277-80.

268 1454 334 1481 963
359 1446 426 1481 Vel
443 1446 605 1493 pretium,
621 1447 777 1492 glandes,
793 1454 898 1493 atque
914 1448 1050 1490 arbuta,
1066 1447 1121 1483 vel
1137 1447 1213 1494 pira
1228 1447 1330 1484 lecta.

147 1519 230 1550 Vide
244 1520 376 1559 Propert
393 1520 462 1550 111.
482 1524 528 1550 11.

269 1629 335 1656 969
364 1622 548 1656 Nudabant
566 1629 668 1657 terrae
686 1628 861 1657 nocturno
878 1629 1036 1668 tempore
1053 1623 1146 1668 capti

143 1695 182 1731 Q.
200 1694 298 1726 Codd.
345 1695 442 1726 Nuda
457 1695 591 1734 dabant;
613 1695 739 1736 optime.

270 1800 336 1828 996
362 1793 546 1839 Experteis
563 1793 651 1839 opis,
669 1794 808 1839 ignaros
824 1795 904 1839 quid
918 1793 1052 1828 volnera
1068 1794 1196 1829 vellent.

145 1866 233 1903 Quid
248 1867 379 1898 remedii
394 1867 577 1909 flagitarent.
602 1870 638 1900 B.
687 1868 780 1898 Silius
798 1868 928 1898 Italicus
944 1869 1006 1898 XI.

316 1942 407 1972 Dum
422 1943 550 1982 trepidae
564 1953 624 1981 τες,
642 1949 673 1973 et
687 1943 878 1974 medicinam
894 1943 1024 1973 vulnera
1039 1950 1179 1983 poscunt.

246 2049 332 2078 1057
359 2044 428 2078 Pro
444 2044 540 2079 vario
558 2056 662 2080 sensu
679 2046 789 2079 varias
804 2056 860 2080 res
877 2057 964 2080 voce
981 2052 1132 2088 notaret,

143 2116 241 2148 Varia
256 2117 316 2158 leg.
332 2128 359 2148 v.
379 2121 469 2149 1087.

244 2221 330 2250 1078
356 2215 554 2262 Accipitres
570 2222 675 2262 atque
693 2216 880 2262 ossistagae,
904 2216 1080 2262 mergique
1097 2217 1233 2251 marinis

142 2288 274 2326 Marini,
293 2288 353 2329 leg.

242 2393 329 2421 1092
355 2386 533 2422 Primitus:
560 2387 645 2422 inde
660 2388 773 2422 omnis
788 2388 1003 2423 flammarum
1020 2389 1145 2424 diditur
1162 2389 1275 2424 ardor.

140 2459 270 2490 Diditus
292 2459 351 2500 leg.

241 2563 329 2591 1130
353 2557 487 2591 Invidia
503 2558 667 2603 quoniam
684 2570 750 2593 ceu
766 2558 913 2593 fulmine
928 2568 1063 2594 summa
1080 2566 1250 2606 vaporant

354 2620 564 2666 Plerunque,
582 2628 617 2655 et
634 2633 711 2667 quae
728 2628 810 2657 sunt
826 2622 902 2657 aliis
919 2622 1026 2669 magis
1043 2622 1138 2658 edita
1153 2633 1306 2669 cunque:

139 2699 216 2729 Duo
232 2709 307 2730 vers.
324 2699 445 2731 delend.

237 2809 252 2836 1
262 2809 324 2838 158
350 2802 425 2836 Aut
442 2803 564 2837 morbo
582 2802 771 2840 delirantes
782 2815 953 2850 procraxe
967 2803 1137 2846 ferantur,

131 2881 170 2918 Q.
188 2881 285 2914 Codd.
302 2888 452 2923 protraxe.
475 2883 526 2914 lib.
544 2883 604 2914 IV.
621 2893 648 2914 v.
667 2887 755 2914 1182.
