1967 3314
356 193 452 236 466
720 173 1496 230 ANIMADVERSIONES

358 315 425 346 vas
438 312 609 353 corrumpit
621 321 828 354 quaecumque
842 310 966 342 conlata
984 314 1016 339 et
1034 306 1201 339 commoda
1215 305 1353 336 veniunt.
1399 303 1460 335 Sed
1477 305 1667 335 Commodum
1683 306 1716 332 et
1731 301 1838 331 Conla-

357 375 433 408 tum,
447 367 523 410 quid
537 366 650 405 simIle,
665 372 720 398 aut
733 365 826 396 affine
839 363 921 395 inter
936 373 969 394 se
983 373 1016 394 se
1030 360 1164 393 habent?
1190 361 1300 401 Itaque
1315 359 1377 400 legi
1392 357 1497 389 debet:

573 452 653 489 Quae
667 462 723 483 con
736 457 828 492 grata
844 450 920 482 foris
934 455 965 481 et
979 447 1145 480 commoda
1159 456 1283 489 cunque
1295 445 1447 477 venirent.

407 538 448 571 Id
463 544 522 578 est,
536 546 743 579 quaecumque
757 541 847 579 grata
860 541 893 568 et
904 533 1073 569 commoda
1085 533 1160 565 binc
1175 531 1262 564 illinc
1279 531 1480 563 convenirent
1492 529 1548 561 &o

1569 605 1676 637 Faber.

408 724 526 762 Immo,

579 800 661 837 Quae
675 810 731 831 con
746 801 818 830 laeta
834 797 909 829 foris
923 803 955 828 et
968 796 1134 828 commoda
1149 805 1272 837 cunque
1287 796 1434 826 venirent.

1565 861 1736 894 Bentleius.

534 990 600 1019 698
624 984 672 1019 Et
687 990 870 1030 penetrare
886 982 971 1017 mari
988 981 1128 1028 penitus
1143 992 1199 1016 res
1215 979 1308 1026 cogit
1323 985 1457 1026 aperto,

416 1064 533 1095 Sensus
543 1069 574 1094 et
581 1063 657 1094 ordo
671 1064 838 1094 verborum
852 1062 897 1092 sic
909 1072 941 1092 se
957 1071 989 1091 se
997 1061 1170 1091 habebunt:
1192 1061 1366 1091 Fatendum
1380 1065 1423 1089 est
1438 1058 1574 1088 animam
1589 1058 1646 1087 hac
1655 1058 1700 1087 ire
1713 1062 1741 1086 ce
1753 1067 1856 1095 cogere

370 1129 418 1150 res
436 1124 598 1158 penetrare
617 1124 734 1158 aperto,
760 1117 793 1147 id
808 1123 855 1148 est
867 1127 923 1156 per
937 1121 1089 1156 apertum,
1115 1124 1170 1146 seu
1185 1125 1240 1154 per
1254 1113 1322 1144 illas
1338 1113 1451 1144 fauces.
1499 1113 1626 1143 Omnino
1646 1113 1726 1142 enim
1751 1113 1857 1150 agitur

371 1175 408 1203 de
423 1179 520 1211 vento,
545 1184 606 1203 ozon
621 1174 657 1203 cle
672 1174 770 1208 mar-1⁸,-
794 1171 900 1212 itaque
915 1170 970 1201 illa
984 1169 1211 1200 emendationis
1226 1178 1295 1208 pars
1317 1168 1334 1204 (
1336 1169 1470 1198 animam
1474 1170 1492 1207 J
1508 1165 1599 1206 plane
1612 1166 1781 1196 necessaria
1791 1171 1858 1202 esu

373 1237 429 1266 per
442 1237 490 1258 res
505 1232 610 1257 autem
625 1225 768 1267 intelligo
781 1227 882 1268 ignes,
898 1224 1077 1263 scintillam,
1093 1224 1238 1260 cinerem,
1253 1232 1338 1262 saxa,
1353 1224 1408 1252 ἃς.
1423 1221 1463 1252 de
1476 1221 1588 1262 quibus
1601 1227 1701 1252 antea.

1582 1299 1689 1329 Faber.

427 1412 554 1442 Omnino
570 1413 676 1451 agitur
691 1413 727 1442 de
752 1412 851 1446 Vento,
868 1421 928 1442 mm
943 1413 980 1441 de
995 1410 1097 1440 Mari.-

593 1485 687 1522 Quod
702 1485 811 1525 procul
826 1495 845 1516 a
859 1495 931 1516 vera
945 1491 992 1515 est
1005 1484 1106 1515 animi
1120 1484 1240 1515 ratione
1253 1485 1428 1524 repulsum,

380 1579 416 1604 ut
444 1578 548 1603 noster
572 1572 626 1609 ait,
655 1571 827 1602 Geminam
849 1580 976 1602 causam
1001 1569 1137 1601 incendii
1164 1570 1318 1610 proponit,
1345 1575 1475 1601 ventum
1501 1569 1534 1600 in
1562 1570 1677 1601 montis
1703 1570 1870 1602 visceribus

380 1633 577 1665 aestuantem,
602 1632 633 1657 et
647 1636 732 1656 mare
749 1625 906 1665 speluncis
927 1625 1135 1656 subterraneis
1157 1634 1195 1655 eo
1210 1631 1385 1664 penetrans.
1409 1631 1441 1655 et
1456 1625 1499 1655 ibi
1513 1625 1665 1656 fervorem
1680 1625 1867 1667 concipiens.

383 1682 462 1713 Ideo
477 1688 582 1713 autem
597 1681 681 1723 quod
697 1680 856 1720 duplicem
869 1680 1022 1711 rationem
1037 1679 1208 1718 constituit,
1225 1680 1279 1718 ait,
1294 1690 1321 1711 v.
1337 1683 1409 1712 694.

598 1764 754 1795 Praeterea
769 1773 884 1804 magna
897 1764 952 1793 διε.

385 1853 417 1878 et
438 1857 464 1877 v.
481 1848 551 1878 703.

606 1921 688 1952 Sunt
709 1920 827 1961 aliquot
848 1931 964 1961 quoque
979 1930 1036 1956 τες,
1053 1930 1185 1961 quarum
1202 1929 1299 1950 unam
1314 1919 1416 1950 dicere
1434 1930 1573 1951 causam.

390 2009 538 2051 Denique
552 2009 619 2040 haec
634 2008 729 2040 fidem
744 2008 904 2038 habebunt
917 2017 955 2037 ex
971 2006 1019 2036 his
1036 2006 1204 2037 Claudiani
1219 2006 1258 2037 de
1276 2006 1389 2037 AEtna:

605 2093 677 2123 Sive
691 2091 773 2133 quod
789 2091 940 2132 objicibus
954 2091 1129 2122 discurrens
1144 2098 1255 2122 ventus
1269 2092 1383 2131 opertis

607 2151 738 2183 offenso
752 2161 806 2190 per
821 2161 894 2181 saxa
908 2151 984 2180 furit
999 2151 1114 2180 rimosa
1128 2157 1247 2188 meatu,

607 2211 698 2241 Dum
714 2216 868 2240 scrutatur
882 2210 955 2248 iter3
975 2209 1212 2250 libertatemque
1227 2219 1400 2249 reposcens,

607 2270 720 2300 Putria
734 2269 914 2310 multivagis
927 2268 1093 2308 populatur
1108 2267 1231 2299 flatibus
1245 2275 1347 2298 antra:

611 2331 669 2360 Seu
685 2340 768 2359 mare
783 2328 914 2359 sulfurei
931 2328 1061 2359 ductum
1077 2339 1130 2368 per
1145 2328 1261 2359 viscera
1275 2328 1401 2364 montis,

615 2387 782 2427 Opprescis
797 2387 931 2429 ignescit
946 2387 1046 2429 aquis,
1059 2393 1091 2418 et
1104 2388 1242 2428 pondera
1255 2387 1354 2419 librat.

442 2477 580 2508 Servius:
604 2479 627 2495 “
647 2476 748 2507 Causa
769 2476 905 2506 incendii
921 2476 1093 2507 secundum
1112 2477 1242 2507 AEtnam
1258 2476 1395 2517 Virgilio
1416 2478 1483 2508 haec
1497 2483 1552 2508 est.
1596 2477 1677 2509 Sunt
1691 2484 1780 2510 terrae
1794 2479 1887 2517 desu-

400 2531 510 2562 dantes
534 2530 676 2570 sulphur,
703 2537 739 2561 ut
753 2541 832 2570 pene
853 2538 936 2561 totus
961 2537 1078 2562 tractus
1095 2531 1286 2571 Campaniae,
1311 2531 1365 2561 ubi
1383 2531 1538 2562 Vesuvius
1563 2538 1593 2563 et
1609 2533 1735 2564 Gaurus
1748 2541 1888 2573 montes;

399 2585 484 2627 quod
507 2585 625 2616 indicat
647 2585 724 2615 odor
748 2595 902 2626 aquarum
936 2586 1116 2616 calentium.
1177 2586 1258 2616 Item
1286 2586 1430 2617 novimus
1454 2597 1493 2617 ex
1517 2597 1606 2628 aquae
1638 2594 1727 2618 motu
1758 2595 1886 2620 ventum

401 2640 508 2676 creari,
539 2650 604 2670 esse
629 2640 725 2670 etiam
747 2650 897 2670 concavas
922 2646 1034 2671 terras:
1075 2641 1207 2670 AEtnam
1232 2645 1351 2671 constat
1374 2641 1412 2671 ab
1438 2651 1474 2672 ea
1499 2649 1586 2681 parte
1613 2652 1676 2682 qua
1705 2642 1811 2674 Eurus
1841 2643 1889 2674 vel

404 2695 533 2727 Africus
547 2695 635 2735 flant,
662 2697 774 2726 habere
790 2696 952 2735 speluncas
966 2701 1001 2727 et
1011 2696 1118 2735 plenas
1133 2696 1290 2736 sulphuris
1304 2703 1334 2726 et
1350 2706 1447 2737 usque
1461 2697 1501 2727 ad
1521 2697 1612 2728 Mare
1626 2697 1781 2728 deductas.
1827 2697 1891 2728 Hae

404 2749 560 2789 spelunoae
585 2751 768 2791 recipientes
781 2751 815 2781 in
841 2762 873 2782 se
889 2751 1000 2782 fluctus
1014 2757 1144 2782 ventum
1160 2759 1283 2789 creant3
1305 2751 1359 2792 qui
1373 2751 1508 2792 agitatus
1529 2752 1634 2793 ignem
1649 2751 1751 2793 gignit
1773 2762 1810 2782 ex
1826 2752 1890 2782 sul-

405 2806 520 2845 phure3
538 2805 623 2837 unde
637 2812 684 2837 est
705 2805 793 2847 quod·
804 2806 926 2837 videtur
948 2805 1140 2837 incendium.
1184 2805 1258 2836 Hoc
1279 2811 1386 2836 autem
1410 2816 1517 2836 verum
1538 2816 1614 2844 esse,
1638 2805 1693 2836 illa
1714 2806 1894 2846 comprobat
