1967 3314
733 425 854 448 nutus
869 424 1002 445 ramnu-
1028 423 1220 445 nnzonouus
1234 423 1275 443 me
1607 399 1647 419 Ex
1662 398 1828 419 'mmmm'
1850 406 1854 445 ζ

484 463 687 485 ηυιΛκυυε.
801 480 937 500 mmm„
1035 476 1270 497 ucflomnus·
1383 455 1495 476 Annus.
1583 453 1661 474 rum
1677 449 1859 487 socium-rie

1627 505 1820 526 BIPONTINAE.

525 590 652 620 Brssrioe.
811 585 940 614 Veronae.
1087 582 1115 611 V
1112 582 1224 612 enam
1370 581 1506 611 Venetiis.

375 639 418 668 V.

497 677 571 708 Sine
583 679 680 708 Anno.
831 679 912 707 1436.
1115 676 1199 705 1495.
1399 673 1483 699 1500.

372 777 430 807 899
474 769 608 808 tedaeque
756 765 894 804 taedeque
1040 763 1173 802 taedeque
1327 763 1464 800 toedeque
1608 757 1749 796 taedaeque

372 826 430 856 900
476 818 558 847 vides
758 814 870 843 videret
1042 813 1155 842 videret
1326 813 1408 842 vides
1609 806 1691 835 vides

475 868 566 897 etiam
757 864 821 903 jam
1038 864 1101 903 jam
1325 862 1415 892 etiam
1609 855 1700 884 etia-m

477 917 524 946 vel
758 911 796 941 ad
1043 912 1082 941 ad
1326 911 1363 940 ad
1609 904 1648 934 ad

477 965 567 994 linum
758 961 850 991 linum
1044 961 1135 990 linum
1328 960 1482 999 Lychnum
1611 954 1765 993 Lychnum

373 1025 428 1054 901
476 1013 640 1044 extinctum
758 1011 920 1041 extinctum
1046 1011 1208 1040 extinctum
1327 1009 1489 1039 extinctum
1610 1004 1787 1034 exstinctum

477 1074 614 1095 amoveas
759 1071 896 1090 amoveas
1046 1070 1182 1090 amoveas
1327 1060 1484 1089 admoveas
1611 1054 1767 1084 admoveas

374 1123 432 1153 902
476 1113 633 1153 teclamque
759 1111 924 1150 taedamque
1045 1111 1213 1150 taedamque
1327 1109 1496 1148 taedamque
1612 1103 1776 1143 taedamque

477 1165 541 1205 pari
760 1161 843 1200 parci
1045 1161 1123 1200 parti
1329 1159 1393 1199 pari
1611 1154 1676 1195 pari

477 1214 591 1247 ratiove
760 1211 875 1242 ratione
1045 1210 1160 1240 ratione
1329 1209 1443 1238 ratione
1612 1204 1728 1234 ratione

373 1270 432 1300 903
477 1267 560 1294 tacta
759 1264 844 1290 tactu
1045 1255 1129 1290 tactui
1329 1263 1412 1289 tacta
1612 1259 1695 1286 tacta

375 1319 433 1348 904
475 1311 638 1342 comminus
760 1309 921 1340 comminus
1045 1310 1205 1340 comminus
1328 1308 1488 1340 comminus
1612 1304 1743 1336 cominus

375 1369 432 1397 905
478 1362 639 1403 putandum
651 1366 700 1391 est
761 1359 954 1398 putandumst
1046 1360 1238 1400 putandumst
1329 1358 1521 1400 putandumst
1614 1352 1817 1394 putandum'st

375 1415 433 1447 906
479 1417 615 1453 superest
762 1418 850 1448 super
863 1412 911 1437 est
1047 1420 1135 1450 super
1147 1413 1196 1440 est
1331 1412 1466 1448 superest
1613 1406 1750 1444 superest

480 1471 597 1500 quoque
762 1468 821 1496 quo
1046 1471 1105 1500 quo
1332 1468 1390 1497 qno
1614 1463 1673 1493 quo

480 1510 589 1540 foedere
762 1506 861 1536 fodere
1047 1509 1147 1539 fodere
1332 1508 1440 1537 foedere
1616 1502 1724 1533 foedere

375 1567 434 1596 907
482 1559 600 1588 Nature
764 1555 895 1586 Naturae
1050 1558 1176 1587 Naturae
1332 1556 1458 1585 Natum
1617 1552 1742 1581 Naturae

480 1607 557 1647 lapis
764 1605 841 1645 lapsi
1049 1606 1126 1646 lapsi
1331 1605 1408 1644 lapis
1616 1601 1692 1642 lapis

376 1664 434 1694 908
481 1657 578 1693 Quam
763 1655 860 1688 Quam
1049 1657 1146 1691 Quam
1333 1656 1428 1690 Quem
1616 1652 1712 1686 Quem

481 1707 546 1748 ἐπὶ
765 1704 851 1735 Graii
1050 1707 1132 1738 Graii
1333 1703 1418 1734 Graii
1617 1701 1702 1731 Graii

377 1763 436 1792 910
482 1761 618 1788 catenam
765 1760 900 1787 catenam
1049 1761 1184 1787 catenam
1333 1754 1488 1784 cathenam
1616 1756 1750 1782 catenam

377 1812 432 1842 911
483 1807 560 1847 Sepe
769 1804 852 1844 Saepe
1051 1806 1134 1846 Saepe
1335 1805 1419 1844 Saepe
1619 1802 1706 1841 Saepe

481 1857 586 1888 anellis
765 1853 868 1883 anellis
1048 1854 1153 1885 anellis
1333 1853 1439 1884 anellis
1617 1850 1740 1881 annellis

378 1911 436 1940 912
482 1907 542 1941 Qui
766 1903 826 1937 Qui
1048 1904 1109 1939 Qui
1333 1903 1471 1942 Quinque
1617 1901 1754 1941 Quinque

483 1965 577 1994 neque
589 1956 666 1985 enim
766 1963 861 1992 neque
874 1952 951 1983 enim
1049 1964 1144 1993 neque
1156 1953 1233 1983 enim
1333 1952 1441 1982 etenim
1617 1951 1725 1982 etenim

482 2004 639 2044 pluresque
766 2003 923 2043 pluresque
1049 2004 1205 2043 pluresque
1333 2003 1490 2043 pluresque
1617 2001 1785 2041 pluteisque

379 2059 436 2089 913
482 2052 596 2084 leuibus
767 2051 880 2081 levibus
1050 2052 1163 2083 levibus
1334 2053 1447 2083 levibus
1618 2051 1730 2081 levibus

482 2102 578 2133 hamis
768 2100 864 2130 hamis
1051 2103 1147 2134 hamis
1336 2102 1431 2132 hamis
1618 2099 1698 2130 auris

380 2158 438 2188 914
483 2152 525 2182 ibi
768 2148 809 2178 ibi
1050 2151 1092 2181 ibi
1336 2152 1385 2181 ubi
1618 2148 1668 2179 ubi

484 2211 573 2231 corno
769 2209 857 2229 oorvo
1050 2210 1138 2230 corvo
1334 2211 1371 2230 ex
1384 2210 1442 2229 uno
1618 2209 1655 2228 ex
1671 2208 1727 2228 uno

483 2250 625 2292 dependit
768 2248 908 2288 dependit
1051 2249 1190 2290 dependit
1335 2249 1474 2290 dependit
1619 2246 1766 2288 dependet

483 2311 574 2341 super
769 2307 857 2337 super
1051 2310 1140 2339 super
1335 2301 1437 2330 subter
1620 2296 1723 2326 subter

485 2351 631 2382 adherens
770 2347 807 2377 ad
821 2347 933 2377 haertas
1053 2348 1090 2378 ad
1106 2349 1215 2380 haertas
1335 2349 1502 2379 adhaerrens
1619 2346 1772 2376 adhaerens

382 2407 439 2437 915
487 2401 606 2440 altoque
771 2397 890 2436 altoque
1051 2397 1170 2437 altoque
1336 2399 1452 2438 alioque
1619 2395 1736 2435 alioque

486 2450 639 2490 cundaque
771 2446 924 2486 cundaque
1053 2447 1206 2487 cundaque
1336 2448 1489 2488 vinclaque
1619 2446 1772 2486 vinclaque

488 2501 583 2531 nescit
771 2495 867 2526 nescit
1053 2496 1148 2526 nescit
1337 2498 1434 2528 noscit
1619 2495 1715 2527 noscit

383 2552 441 2584 916
487 2553 640 2590 permanat
652 2552 683 2578 et
771 2548 924 2586 permanat
937 2548 968 2575 et
1053 2550 1207 2587 permanat
1219 2550 1250 2577 et
1337 2550 1509 2588 permanant
1522 2550 1552 2575 et
1620 2548 1825 2587 permananter

487 2598 620 2639 pervalet
772 2594 904 2635 prevalet
1054 2597 1187 2637 prevalet
1337 2595 1482 2637 praevalet
1621 2595 1753 2636 pervalet

385 2653 442 2682 917
487 2649 658 2679 firmandum
672 2652 718 2678 est
771 2644 941 2676 firmandum
954 2648 1001 2674 est
1054 2646 1225 2677 firmandum
1238 2651 1285 2677 est
1338 2647 1539 2677 firmandumst
1621 2642 1834 2675 firmandum’st

489 2698 570 2738 prius
584 2707 671 2738 quam
772 2695 910 2736 priusque
1054 2697 1193 2738 priusque
1338 2697 1419 2737 prius
1432 2707 1518 2736 quam
1621 2695 1703 2734 prius
1718 2702 1805 2733 quum

385 2750 443 2779 918
489 2747 531 2776 rei
772 2744 816 2774 rei
1055 2747 1098 2776 rei
1339 2746 1382 2776 rei
1621 2744 1675 2774 reii

386 2799 445 2828 920
490 2797 569 2826 auris
773 2794 853 2825 auris
1055 2796 1134 2827 auris
1340 2796 1436 2826 aureis
1621 2791 1718 2823 aureis

386 2849 441 2878 921
489 2855 678 2885 quascunque
773 2855 833 2884 qua
844 2854 956 2888 cunque
1057 2856 1115 2885 qua
1132 2855 1244 2886 cunque
1340 2855 1518 2886 quaecunque
1621 2851 1810 2882 quascunque

387 2898 446 2929 922
491 2893 574 2926 micis
735 2907 737 2910 ¹
772 2894 856 2925 micis
1057 2894 1141 2926 micis
1340 2895 1418 2926 mitti
1622 2891 1702 2922 mitti
