1967 3314
305 271 400 311 204·

698 446 758 466 Pau
766 446 821 466 Lts
834 446 968 467 munti-'-

448 475 650 496 rznnaxnt's.

768 499 804 518 PE
809 500 848 519 Rc
853 500 903 520 ER.

773 603 801 631 V
799 613 901 633 eronae.

455 692 528 721 Sine
541 693 640 723 Anno.
797 695 877 723 1486.

430 787 586 812 coruscant
717 781 883 810 croniscant

430 841 496 870 quae
717 840 773 868 que

431 880 518 921 longe
717 879 804 919 longe

430 930 540 959 candor
717 929 843 959 candore

430 989 537 1018 magne
717 989 822 1019 magne

430 1027 608 1056 simulachra
715 1028 894 1059 simulachra

430 1096 538 1126 desunt
549 1095 608 1125 duo
625 1106 686 1126 ver-

462 1156 515 1175 sus

717 1097 825 1128 desunt
837 1098 895 1128 duo
910 1109 972 1128 ver-

748 1159 800 1178 sus

431 1226 481 1255 ubi
717 1230 767 1260 ubi

430 1275 534 1306 coelum
717 1281 819 1310 caelum

430 1326 510 1356 tollit
718 1329 800 1359 tullit

431 1376 583 1406 renitescit
718 1379 870 1408 renitescit

429 1425 613 1465 clamoreque

430 1477 538 1516 sydera
718 1477 826 1516 sydera

433 1527 474 1556 Et
494 1527 676 1557 circumvoli-
719 1528 761 1557 Et
775 1528 958 1557 circumvoli-

462 1581 530 1605 tant
543 1576 598 1606 «Sec.
750 1582 816 1606 tant
831 1578 888 1607 &c-

430 1626 617 1656 Tramittunt
631 1626 687 1656 &c.
719 1626 905 1657 Tramittunt
919 1627 975 1660 ἃς.

430 1676 566 1706 videntur
718 1676 835 1706 videtur

430 1726 534 1767 figuris
719 1727 821 1768 figurae

430 1787 489 1816 quo
718 1787 776 1816 quo

430 1838 496 1857 cum
718 1837 786 1866 qum

430 1877 577 1916 similique
718 1876 807 1906 simili

430 1928 538 1958 affecta
718 1926 826 1955 affectu

430 1978 553 2007 arbusta
719 1976 841 2005 arbusta

431 2026 550 2065 fereque
719 2026 846 2065 feraeque

430 2087 488 2116 que
717 2086 783 2115 quae

431 2126 540 2155 circum
719 2125 810 2154 cirum

431 2176 510 2215 ripas
718 2176 799 2214 ipsas

428 2226 579 2266 fontisque
717 2224 865 2264 fontisque

429 2286 486 2315 que
717 2286 775 2314 qua

429 2325 603 2367 pervolgant
717 2329 882 2366 pervogaut

371 2399 378 2412 ,
429 2376 559 2410 Quorum
717 2375 849 2409 Quorum

431 2437 575 2456 summere
717 2434 862 2454 summere

431 2482 500 2507 vota
718 2486 790 2504 voca

431 2528 529 2557 cluere
717 2525 808 2554 cluire

431 2578 540 2608 vitulus
718 2575 830 2604 uitulus

432 2628 620 2659 Turicremas
719 2624 907 2653 Turieremas

328 2680 345 2687 ⁶
371 2682 382 2687 ⁵
431 2676 540 2706 virides
717 2674 828 2703 virides

433 2726 502 2755 Non
516 2727 581 2766 quit
719 2725 799 2754 Nam
813 2725 884 2764 quid

431 2776 565 2813 quoerelis
717 2774 856 2814 quaerelis

434 2823 636 2854 Frondiferum
720 2824 922 2854 Frondiferum

433 2874 535 2904 revisit
717 2874 831 2904 remisit

432 2929 543 2954 tenerae
717 2928 817 2953 tenere

715 1428 853 1457 lamorem
862 1438 976 1467 quoque
987 1425 1141 1455 clamorem
1149 1437 1264 1466 quoque

598 261 1058 313 VARIANTES
1099 261 1536 312 LECTIONES

993 445 1011 464 Τ
1015 444 1166 466 HEODORU
1170 446 1185 465 S
1200 446 1219 465 D
1223 446 1241 464 E

998 497 1232 518 Racazoxuws.
1351 477 1464 498 ALDUS'

1338 600 1475 631 Venetiie.

1079 698 1091 722 1
1097 697 1160 726 495.
1367 696 1448 721 1500.

1003 782 1171 811 croniscant
1289 783 1477 812 chroniscant

1003 841 1061 869 que
1290 842 1358 871 quae

1004 879 1090 921 long-e
1291 882 1385 923 longae

1003 930 1129 960 candore
1291 932 1400 961 candor

1004 989 1110 1019 magne
1291 991 1406 1020 magnae

1004 1029 1183 1059 simulachra
1291 1029 1448 1060 simulacra

1004 1096 1112 1127 desunt
1124 1097 1183 1128 duo
1198 1108 1261 1128 ver-

1294 1677 1410 1706 videtur

1294 1726 1396 1766 figuris

1294 1777 1370 1815 quod

1292 1837 1358 1856 cum

1293 1876 1440 1917 similique

1293 1926 1402 1957 affecta

1006 1675 1123 1704 videtur

1006 1973 1128 2002 arbusta
1293 1976 1415 2005 arbusta

1006 2021 1134 2060 feraeque
1293 2026 1422 2066 feraeque

1005 2082 1071 2110 quae
1293 2086 1362 2114 quae

1006 2121 1099 2151 cirum
1292 2125 1373 2165 ipsos

1005 2172 1087 2211 ipsas
1293 2176 1402 2205 circum

1006 2223 1155 2262 fontisque
1292 2224 1459 2264 fonteisque

1003 2283 1061 2312 qua
1292 2286 1360 2314 (¹11ae

1004 2327 1166 2361 perrogant
1292 2325 1466 2365 pervolgant

1003 2372 1132 2406 Quorum
1291 2375 1421 2410 Quorum

1004 2433 1149 2451 summere
1291 2436 1405 2455 sumere

1005 2483 1077 2501 voca
1292 2486 1363 2504 voce

1005 2523 1095 2553 cluire
1291 2525 1388 2554 cluere

1006 2572 1116 2603 nitulus
1292 2574 1403 2603 vitulus

1005 2622 1193 2652 Turieremas
1290 2623 1484 2653 thuricremas

1006 2671 1114 2701 virides
1290 2673 1410 2702 virideis

1007 2721 1086 2750 Nam
1101 2722 1171 2761 quid
1292 2722 1417 2762 Linquit

1005 2771 1144 2810 quoerelis
1291 2772 1418 2812 querelis

1006 2821 1209 2852 Frondiferum
1290 2821 1479 2852 frondiferum

1004 2872 1117 2903 remisit
1290 2871 1394 2900 revisit

1004 2926 1106 2952 tenere
1291 2926 1399 2951 tenerae

1293 1098 1400 1128 desunt
1413 1098 1471 1129 duo
1481 1110 1546 1129 ver-

1035 1158 1088 1177 sus
1322 1159 1375 1178 sus

1006 1227 1054 1257 ubi
1291 1228 1331 1257 ibi

1004 1277 1106 1307 caelum
1293 1278 1397 1307 caelum

1005 1327 1085 1358 tullit
1293 1327 1371 1357 tollit

1007 1377 1161 1406 renitescit
1295 1378 1453 1408 renidescit

1293 1427 1477 1467 clamoreque

1006 1475 1113 1514 sydera
1294 1477 1392 1507 sidera

1009 1525 1050 1555 Et
1071 1526 1253 1556 circumvoli-
1296 1527 1338 1556 Et
1356 1528 1539 1558 circumvoli-

1038 1580 1105 1605 tant
1118 1576 1175 1605 ἃς.
1327 1582 1393 1606 tant
1406 1578 1463 1607 &c-

1009 1625 1193 1655 Tramittunt
1207 1626 1263 1656 &a
1295 1626 1480 1657 Tramittunt
1492 1628 1549 1657 &c-

1581 424 1621 443 Ex
1635 424 1800 444 TYPOGRA-

1554 477 1594 496 PR
1600 477 1632 496 1A
1650 477 1831 498 sommA'rls

1596 531 1790 553 mcor-“rism-

1625 604 1760 645 Biponti.

1654 699 1735 728 1782.

1575 785 1729 815 coniscant

1576 843 1644 872 quae

1577 883 1663 923 longe

1576 933 1685 962 candor

1575 993 1692 1022 mag-nae

1576 1032 1734 1062 simulacra

1578 1083 1620 1112 Et
1641 1082 1824 1113 circumvoli-

1610 1137 1677 1162 tant
1691 1132 1748 1163 διο.

1578 1181 1763 1212 Tramittunt
1777 1181 1834 1213 ἃς.

1577 1231 1617 1261 ibi

1577 1281 1682 1311 coelum

1579 1331 1656 1361 tollit

1578 1380 1737 1409 renidescit

1579 1430 1762 1468 clamoreque

1579 1479 1677 1508 sidera

1580 1557 1686 1587 desunt
1699 1556 1757 1586 duo
1770 1567 1835 1586 ver-

1611 1617 1663 1636 sue

1580 1675 1696 1705 videtur

1581 1724 1683 1765 figuris

1579 1775 1658 1814 quod

1579 1836 1644 1855 cum

1580 1875 1726 1914 similique

1580 1926 1689 1955 affecta

1579 1981 1712 2006 armenta

1579 2026 1709 2065 seraeque

1579 2085 1644 2114 quae

1578 2125 1687 2154 circum

1579 2174 1658 2214 ripas

1578 2223 1743 2264 fonteisque

1578 2283 1646 2312 quae

1578 2324 1751 2364 pervolgant

1582 2374 1695 2403 Horum

1578 2434 1693 2454 sumere

1578 2480 1648 2504 nota

1577 2525 1674 2554 cluere

1576 2575 1686 2604 vitulus

1576 2625 1765 2654 Turicremas

1576 2673 1696 2703 virideis

1577 2722 1700 2761 Linquit

1575 2771 1701 2811 querelis

1576 2820 1779 2850 Frundiferum

1574 2870 1677 2900 revisit

1574 2924 1684 2949 tenerae
