1967 3314
582 248 800 299 LIBRI
837 248 1077 298 SEXTI.
1501 260 1597 299 383

1345 409 1386 429 Ex
1398 411 1562 432 TYPOGRA-

456 433 579 455 PAULUS
594 435 730 456 FRIDEN-
755 434 953 455 THEODORUS
968 435 1009 454 DE

208 465 409 487 FERRANDUS.
528 489 656 510 PERGER
763 487 998 509 RAGAzomBus.
1114 464 1230 485 ALDUS.
1315 463 1393 483 PmA
1408 463 1588 486 SOCOETAUS

1356 517 1549 539 mromnsffi.

241 590 372 620 Brixiae.
533 594 662 625 Veronae.
806 592 841 620 V
838 590 951 622 enetiia
1096 588 1200 619 Veneti
1201 589 1235 620 is.
1382 588 1517 630 Biponti.

1030 650 1302 660 -Ἇ

224 681 297 710 Sine
310 682 408 711 Anno.
556 683 640 711 1486.
838 685 920 713 1495.
1123 681 1208 707 1500.
1408 683 1491 713 1782.

192 769 212 797 J
214 779 291 799 anua
475 771 566 800 Jania
759 770 779 798 J
781 769 849 798 ania
1043 768 1062 797 J
1065 779 1143 798 anua
1329 772 1349 800 J
1351 781 1429 800 anua

193 820 308 858 nepotis
475 820 591 859 nepotis
759 819 875 858 nepotis
1044 829 1080 847 ne
1093 819 1187 858 portis
1329 830 1365 849 ne
1379 821 1426 851 his

193 868 273 898 deest
475 869 556 899 deest
759 868 839 899 deest
1043 874 1075 899 et
1327 870 1426 909 potius

192 919 329 958 posthinc
478 924 546 959 post
559 920 627 949 hinc
759 923 828 958 post
841 919 910 948 hinc
1043 924 1111 959 post
1124 920 1194 952 hinc
1328 924 1415 960 posta
1427 919 1497 950 hine

192 968 360 998 acherontis
476 970 645 999 acheruntis
759 968 928 998 acheruntis
1042 971 1212 1000 acheruntis
1327 970 1496 1000 acheruntis

192 1018 287 1049 inanis
476 1020 505 1049 in
519 1020 584 1049 avis
759 1017 788 1046 iu
801 1017 866 1047 avis
1044 1020 1164 1051 Maneis
1330 1019 1449 1050 Maneis

192 1068 306 1098 inferna
476 1068 589 1097 inferna
759 1067 873 1097 inferna
1042 1070 1157 1100 inferna
1326 1069 1439 1099 inferne

191 1118 270 1147 cervi
476 1117 556 1146 cerni
760 1117 839 1145 cerni
1043 1120 1121 1149 cervi
1326 1118 1405 1148 cervi

190 1168 282 1197 saecla
475 1166 555 1196 saeda
759 1166 842 1195 saeda
1043 1170 1123 1199 secla
1326 1168 1415 1198 saecla

190 1229 257 1247 nam
270 1229 346 1247 nunc
473 1225 540 1244 nam
554 1226 630 1245 nunc
757 1226 824 1245 nam
838 1226 914 1245 nunc
1042 1231 1158 1260 nanque
1324 1229 1451 1258 namque

188 1268 243 1298 tibi
472 1265 526 1294 tibi
758 1265 812 1294 ‘tibi
1041 1269 1078 1298 de
1091 1280 1122 1299 re
1138 1270 1194 1299 tibi
1324 1269 1361 1298 de
1374 1280 1406 1298 re
1418 1279 1496 1299 nunc

187 1328 266 1357 saepe
472 1326 542 1355 sepe
758 1324 839 1354 saepe
1041 1328 1119 1357 saepe
1325 1328 1405 1357 saepe

188 1368 223 1396 In
236 1371 317 1397 terra
473 1366 592 1394 Interea
758 1363 878 1393 Interea
1042 1368 1078 1396 In
1091 1371 1172 1396 terra
1326 1367 1361 1396 In
1375 1371 1456 1396 terra

187 1418 267 1447 cibos
471 1414 552 1443 cibos
756 1411 836 1441 cibos
1040 1415 1120 1445 cibos
1325 1415 1436 1445 homini

186 1477 252 1506 quae
471 1474 528 1503 que
755 1471 823 1501 quae
1041 1475 1109 1504 quae
1324 1476 1389 1504 quae

186 1527 252 1556 quae
471 1524 527 1552 que
755 1523 821 1551 quae
1039 1524 1108 1554 quae
1324 1526 1390 1555 quae

187 1567 248 1596 vite
470 1566 541 1595 vitae
755 1563 827 1592 vitae
1039 1564 1115 1594 vita'l'
1323 1565 1400 1594 vita'i

187 1616 403 1656 dissimilesque
472 1615 688 1657 djssimilesque
755 1611 973 1653 dissimilesque
1039 1613 1266 1654 dissimileisque
1322 1614 1548 1655 dissimileisque

188 1665 306 1695 inimica
473 1665 587 1695 immita
758 1661 872 1691 immita
1040 1663 1158 1693 inimica
1321 1663 1440 1694 inimica

187 1725 275 1745 auras
473 1725 558 1745 auras
757 1721 844 1740 auras
1039 1714 1137 1744 aureis
1323 1714 1420 1744 aureis

187 1765 268 1795 naris
471 1765 550 1794 naris
756 1760 835 1790 naris
1040 1763 1137 1793 nareis
1323 1763 1421 1793 nareis

186 1815 296 1845 infesta
470 1816 501 1845 in
514 1816 592 1846 festa
755 1810 785 1838 11¹
800 1810 878 1839 festa
1039 1813 1149 1844 infesta
1322 1812 1431 1842 infesta

185 1869 269 1894 tactu
471 1869 554 1895 tactu
754 1863 838 1889 tactu
1038 1867 1122 1893 tactu
1322 1863 1411 1892 odore

184 1925 279 1954 neque
470 1925 564 1954 neque
755 1919 849 1948 neque
1039 1924 1134 1952 neque
1323 1923 1376 1943 nec

184 1974 250 2003 quae
470 1975 527 2004 que
754 1970 820 1998 ‘1¹1ae
1037 1974 1103 2002 quae
1322 1974 1388 2002 quae

184 2013 293 2044 infesto
469 2016 500 2044 in
513 2014 590 2044 festo
754 2008 784 2037 in
797 2008 875 2038 festo
1037 2013 1146 2043 infesto
1321 2012 1430 2042 infesto

183 2062 295 2092 tributa
469 2064 583 2094 tributa
754 2059 868 2088 tributa
1038 2063 1182 2093 tributast
1321 2061 1475 2092 tributa’st

182 2112 296 2142 faciunt
469 2113 561 2143 faciat
754 2108 845 2138 faciat
1035 2112 1149 2143 faciant
1321 2112 1434 2143 faciant

182 2172 219 2192 ea
469 2173 506 2192 ea
753 2171 789 2190 ea
1035 2173 1087 2192 eas
1321 2173 1372 2193 eas

182 2213 263 2242 deest
469 2213 551 2242 deest
753 2210 833 2240 deest
1036 2212 1117 2242 deest
1321 2212 1351 2240 in

184 2262 305 2292 eliconis
472 2263 625 2293 Heliconis
755 2260 910 2290 Heliconis
1040 2262 1194 2291 Heliconis
1322 2261 1477 2292 Heliconis

183 2315 261 2341 tetro
468 2317 548 2343 retro
752 2315 831 2340 retro
1035 2315 1115 2340 tetro
1320 2315 1407 2341 taetro

184 2362 251 2391 haec
468 2364 524 2393 hee
751 2360 816 2389 haec
1036 2362 1099 2390 haec
1320 2362 1383 2391 haec

184 2410 252 2439 inde
468 2412 499 2441 in
513 2412 569 2441 deo
752 2408 782 2437 in
798 2408 854 2437 deo
1036 2410 1103 2439 ideo
1319 2410 1386 2440 ideo

184 2460 272 2490 terris
468 2461 524 2490 tris
751 2457 806 2487 tris
1035 2460 1123 2491 terris
1317 2460 1405 2490 terris

183 2509 283 2539 multis
468 2509 548 2539 deest
751 2506 832 2536 deest
1034 2510 1135 2540 multis
1318 2509 1419 2540 multis

184 2570 236 2599 per
249 2559 342 2590 mixta
467 2560 614 2600 permixta
750 2556 896 2596 permixta
1033 2560 1175 2600 permista
1317 2559 1461 2600 permista

183 2610 259 2640 acris
468 2609 545 2639 acris
750 2611 827 2640 acris
1033 2610 1128 2640 aereis
1319 2611 1380 2642 acri

182 2671 268 2690 nares
467 2669 553 2688 nares
749 2671 835 2691 nares
1035 2659 1132 2689 nareis
1319 2661 1416 2691 nareis

182 2709 343 2739 Concidere
467 2708 627 2739 Concidere
749 2711 913 2741 Concidere
1035 2711 1196 2741 Concidere
1320 2710 1457 2751 Dejicere

181 2763 212 2789 et
748 2764 780 2788 et
1034 2765 1065 2791 et
1318 2765 1352 2790 ut

180 2808 288 2848 primos
750 2809 860 2848 primos
1035 2810 1145 2850 primos
1318 2820 1424 2850 pronos

180 2858 281 2887 morbo
750 2859 852 2888 morbo
1035 2860 1151 2890 morbos
1317 2860 1434 2890 morbus

179 2906 296 2938 mittere

751 2908 870 2940 mittere
1033 2910 1150 2940 mittere
1317 2919 1399 2951 saepe
