1967 3314
470 271 808 323 RICARDI
857 269 1242 320 BENTLEII.
1508 276 1601 316 415

280 415 347 445 574
371 407 548 453 Principio
554 407 769 453 fundamenti
784 411 909 440 natura
927 403 1068 439 carebit.

158 478 254 521 Lege,
271 476 477 509 solidamenti.

279 581 345 610 586
371 572 562 609 Crescendi
577 574 680 608 rebus
698 578 848 615 constat,
863 570 1038 616 vitamque
1055 571 1178 612 tuendi,

158 650 244 682 Edit.
262 649 381 678 Veron.
399 646 536 677 tenendi.
551 645 649 677 Bene.

279 765 344 792 629
369 756 533 801 Denique
549 756 583 789 πί
598 753 757 788 minimas
774 751 810 786 in
826 751 954 797 parteis
972 757 1100 786 cuncta
1115 750 1242 786 resolvi

162 832 206 864 Si:
234 842 272 862 ex
288 841 317 862 0.
334 826 430 860 MSS.

282 946 348 973 682
373 939 574 984 Propterea5
590 935 671 982 quia
687 945 764 981 quae
781 934 888 968 multis
904 939 986 969 sunt
1001 933 1155 979 partibus
1172 939 1285 975 aucta,

160 1012 278 1051 Nullis,
295 1023 332 1043 ex
347 1022 375 1042 o.
394 1011 490 1042 MSS.

282 1128 347 1155 688
373 1121 559 1154 Naturam:
587 1130 701 1165 neque
719 1124 800 1154 sunt
817 1117 887 1163 igni
902 1118 1067 1160 simulata,
1082 1128 1195 1163 neque
1211 1115 1294 1152 ullae

160 1194 246 1226 Edit.
262 1195 380 1224 Veron.
397 1192 539 1223 similata.

283 1310 349 1337 692
376 1304 460 1336 Rem
476 1314 587 1336 veram
604 1301 640 1335 in
657 1311 803 1336 numero
819 1311 934 1336 rerum
952 1306 1130 1343 constare,
1148 1299 1217 1334 nisi
1232 1299 1358 1344 ignem=

160 1377 209 1407 Re
220 1375 301 1406 vera.
318 1377 355 1406 B.
374 1376 567 1406 Cei-tissime!

284 1492 348 1521 719
375 1486 490 1530 Quam
506 1483 646 1518 fluitans
663 1483 792 1518 circum
809 1483 942 1529 magnis
959 1483 1181 1519 amfractibus
1197 1494 1316 1530 aequor

162 1567 228 1605 An,
257 1566 371 1596 littoris
392 1563 612 1594 amfractibus?
644 1563 761 1594 Accius
787 1565 960 1604 Eurysace;

336 1648 435 1686 Super
452 1645 571 1676 Oceani
588 1645 704 1685 Stagna
719 1645 781 1675 alta
796 1645 893 1684 patris

376 1705 546 1735 Terrarum
575 1705 715 1735 anfracta
730 1705 869 1735 revisam.

164 1783 200 1813 Β.
227 1781 280 1811 An
296 1780 408 1812 maris?
433 1785 468 1810 ut
496 1780 667 1810 Anfractus
692 1779 775 1818 solis,
802 1780 822 1810 i.
839 1790 865 1811 e.
889 1779 1037 1811 circuitio.
1084 1780 1202 1811 Cicero.
1224 1781 1261 1811 Β.

289 1897 356 1925 743
381 1890 535 1924 Primum
553 1889 647 1935 quod
663 1895 781 1923 motus
800 1895 939 1923 exemto
955 1889 1060 1923 rebus
1078 1888 1179 1923 Inani

378 1952 619 1995 Constituunt‚
638 1959 674 1986 et
690 1964 745 1986 res
762 1951 910 1994 molleis,
926 1963 1090 1998 rarasque
1107 1952 1322 1998 relinquunt,

168 2029 383 2069 Empedocles.

338 2089 439 2121 Οὐδετι
458 2101 496 2120 τε
511 2101 618 2123 παν-τος
635 2101 721 2120 musmo
737 2095 818 2120 πελει
832 2087 875 2119 ὧδε
891 2096 1024 2131 memoav-

291 2204 357 2234 752
383 2198 569 2244 Conjicere
585 2204 625 2232 ut
640 2197 753 2243 possis
771 2209 815 2232 ex
831 2197 911 2240 hoc,
929 2198 1016 2243 quod
1031 2208 1174 2232 cernere
1190 2209 1262 2232 non
1278 2198 1367 2244 quis,

383 2261 587 2296 Extremum
605 2261 700 2306 quod
712 2259 854 2303 habent,
868 2260 1050 2295 minimum
1069 2261 1260 2296 consistere
1274 2262 1389 2297 rebus.

171 2338 309 2375 Quidam
336 2339 401 2369 cod.
424 2349 507 2379 quae:
533 2339 661 2378 optime.
708 2340 798 2370 Alias
813 2339 984 2381 legendum
998 2345 1088 2376 esset,
1111 2341 1207 2371 habet.
1253 2343 1274 2359 “
1291 2341 1444 2372 Extrema
1458 2342 1622 2374 cacumina

126 2403 291 2432 corporum
306 2402 416 2422 eorum
431 2403 500 2432 quae
515 2393 637 2433 integra
651 2393 753 2423 visum
765 2394 908 2434 fugiunt,
922 2399 996 2423 sunt
1009 2394 1107 2424 atomi
1123 2400 1154 2424 et
1167 2394 1302 2426 minima
1316 2395 1461 2427 natura.”

293 2502 358 2531 762
382 2496 457 2530 Aut
473 2496 523 2530 ita
540 2488 731 2542 diffugient,
747 2504 787 2532 ut
803 2504 1012 2544 tempestate
1028 2503 1155 2542 coorta,

178 2571 306 2602 Coacta:
333 2570 378 2600 sic
391 2580 419 2600 o.
435 2569 534 2602 MSS.

295 2680 360 2708 799
386 2673 546 2718 Corpora
561 2674 766 2718 constituas,
781 2675 896 2721 ignem
912 2676 942 2711 si
957 2675 1049 2711 forte
1065 2676 1227 2719 crearint,

175 2746 252 2778 Post
267 2746 386 2787 ignem,
403 2746 472 2788 lege
487 2753 520 2777 ut
537 2747 571 2777 si.
595 2748 632 2778 B.

297 2856 361 2884 828
387 2849 439 2885 At
454 2841 573 2886 rerum*
589 2863 666 2897 quae
684 2836 766 2889 sunt
781 2851 981 2900 primordia,
996 2853 1098 2901 plura
1113 2854 1264 2889 adhibere

175 2916 328 2949 Adhiberi
344 2919 382 2949 Β.
