1967 3314
626 294 843 344 LIBRI
884 294 1130 344 PRIMI.
1532 304 1621 347 189

1370 455 1412 474 EX
1422 455 1585 478 TYPGGRA.

485 477 608 497 PAchs
624 478 757 498 Fluunt·
782 476 974 496 THEODORUS
988 476 1029 495 DE

788 530 1014 551 RAGAZONIBUS
1132 505 1244 529 Almus.
1339 509 1418 529 PHIA
1434 510 1613 533 socuzaearls

1379 563 1575 584 131PONT1NAE.

1331 613 1338 699 Ι
1403 633 1539 674 Bu'pontt‘.

245 720 318 750 Siue
330 721 431 750 Anno.
1438 727 1520 756 1782.

223 811 292 840 audi
304 821 369 850 quae
382 820 449 839 nam

225 860 292 889 Nec
305 860 375 890 siste

224 912 374 942 volvamus

224 969 372 1003 repertum
384 969 431 994 est

225 1014 357 1054 spacium

225 1073 348 1102 quaeque

225 1117 366 1152 gerantur

226 1161 306 1191 deest

226 1211 368 1241 imensum
509 1222 680 1242 immensum

223 1266 328 1301 pateat.
509 1266 615 1300 paceat

223 1309 304 1340 deest
508 1310 588 1339 deest

223 1359 260 1388 ad
273 1369 366 1398 usque
508 1360 639 1399 adusque

225 1408 355 1439 Finitum
367 1414 414 1439 est
509 1410 670 1440 Finitumst

224 1469 340 1498 nanque
508 1472 636 1501 namque

224 1509 311 1543 Quod
509 1511 596 1544 Quod

223 1560 375 1590 fatendum
507 1560 660 1591 fatendum

225 1610 356 1640 adsistas
508 1610 638 1640 adsistas

166 1663 178 1671 '
225 1670 312 1698 quem
508 1671 596 1699 quam

226 1709 321 1740 locum
509 1709 589 1739 deest

225 1760 358 1800 possedit
508 1760 640 1800 possedit

225 1810 320 1840 omnis
509 1820 603 1840 omms

791 811 860 840 audi
872 822 938 851 quae
950 823 1018 842 nam

793 861 858 891 Nec
873 862 916 892 sic

1076 811 1144 840 audi
1157 822 1222 851 quae
1235 823 1302 843 nam

1077 860 1143 889 Nec
1158 861 1202 890 sic

1076 910 1244 941 evolvamus

1075 965 1224 999 repertust

1076 1010 1204 1050 spatium

1077 1070 1200 1100 quaeque

1076 1114 1198 1149 geratur

1077 1157 1157 1188 deest

1077 1208 1248 1240 immensum

1078 1259 1200 1298 patefiat

1078 1307 1157 1337 deest

1078 1357 1210 1396 adusque

1079 1406 1194 1437 finitust

1079 1468 1195 1497 nanque

1079 1508 1170 1547 quodr

1078 1557 1230 1586 fatendum

1079 1606 1209 1636 adsistas

1080 1667 1167 1696 quem

1079 1705 1174 1734 locum

1080 1755 1213 1795 possedit

1080 1806 1191 1836 omneis

1081 1855 1191 1894 parteis

1081 1910 1128 1935 est

1081 1955 1208 1994 spatium

1081 2009 1233 2044 percurrat

1081 2054 1173 2084 telum

1081 2104 1217 2134 invalidis

1081 2159 1246 2184 contortum

1080 2205 1148 2239 Quo

1081 2255 1182 2295 majus

1082 2316 1270 2345 summasque

1082 2362 1234 2386 necessest

1081 2411 1228 2445 utrunque

1081 2461 1218 2495 exempto

1082 2505 1238 2543 prohibeat

1083 2553 1248 2594 efficiatque

1083 2604 1178 2633 minus

505 814 574 843 audi
587 824 656 854 quae
667 825 734 845 nam

507 863 573 893 Nec
588 865 631 894 sic

507 914 676 944 evolvamus

508 968 687 1003 repertumst

508 1014 646 1053 spatium.

509 1063 649 1102 quicquid

508 1119 628 1153 geratur

509 1168 540 1192 et

1361 821 1529 849 ecquaenam

1363 859 1468 889 Necne
1481 862 1522 891 sit

1361 909 1530 942 evolvamus

1362 962 1550 1000 repertum’st

1361 1011 1490 1049 spatium

1361 1071 1484 1099 ‘luaeque

1362 1116 1509 1149 genantur

1363 1159 1443 1189 deest

1364 1208 1535 1240 immensum

1365 1264 1466 1298 pateat

1364 1308 1411 1337 vel

1366 1357 1403 1386 ad
1416 1369 1510 1397 usque

1368 1407 1540 1438 Finitum'st

790 912 959 942 evolvamus

791 968 939 1002 repertast

792 1012 921 1051 spatium

792 1061 931 1101 quicquid

1366 1467 1491 1496 namque

1365 1508 1432 1542 Quo

1365 1556 1557 1589 fatendum'st

1365 1609 1492 1639 assistas

1364 1669 1450 1697 quem

1365 1708 1459 1738 locum

1365 1759 1491 1798 possidit

1365 1810 1476 1839 omneis

1366 1858 1478 1898 parteis

1367 1912 1414 1937 est

1366 1958 1495 1997 spatium

1365 2012 1518 2046 procurrat

1365 2055 1457 2085 telum

1368 2105 1404 2134 Id
1418 2105 1522 2136 validis

1366 2162 1531 2187 contortum

225 2164 390 2189 contortum
509 2159 676 2188 contortion

225 2209 312 2243 Quod
509 2207 597 2242 Quod

225 2260 320 2299 majus
508 2259 604 2298 majus

226 2319 413 2349 summasque
509 2317 697 2346 summasque

226 2368 348 2387 necesse
361 2364 408 2388 est
510 2366 632 2386 necesse
645 2362 693 2386 est

228 2411 384 2446 utrumque
510 2410 657 2444 utrunque

228 2462 366 2496 exempta
511 2460 650 2494 exempta

228 2506 351 2545 prebeat
512 2503 634 2542 prebeat

228 2554 394 2594 efficiatque
513 2551 679 2591 efficiatque

229 2614 327 2634 mmus
513 2612 609 2631 mmus

228 2665 287 2694 ‘1¹¹0
513 2662 572 2691 ‘15¹0

227 2705 349 2735 missum
362 2709 410 2735 est
513 2701 635 2731 missum
647 2706 695 2731 est

227 2765 247 2783 a
513 2764 538 2782 a

227 2804 285 2834 fine
511 2802 568 2832 fine

227 2853 390 2893 profectum
511 2851 674 2892 profectum

226 2903 391 2943 ubicunque
509 2902 678 2942 obitumque

227 2952 299 2982 oelo
509 2951 578 2982 taelo

795 2318 983 2348 summasque

795 2368 917 2388 necesse
930 2362 979 2388 est

797 2412 945 2447 utrunque

797 2462 938 2496 exempta

797 2506 929 2545 px-aebeat

798 2554 964 2594 efficiatque

797 2604 894 2634 minus

797 2653 877 2683 deest

797 2703 919 2733 missum
931 2708 979 2734 est

799 2764 818 2782 a

797 2801 856 2831 fine

798 2851 960 2890 profectum

798 2901 966 2942 obitumque

797 2951 866 2982 taelo

1367 2318 1525 2346 sumasque

1367 2357 1530 2387 necesse'st

1367 2412 1524 2446 utrumque

1367 2462 1485 2485 exemta

1368 2505 1522 2544 prohibeat

1368 2553 1534 2594 officiatque

1368 2603 1459 2632 minu’

1368 2664 1427 2692 quo

1368 2704 1530 2735 missum'st

1368 2764 1405 2783 ea

1369 2802 1431 2833 fini'

1370 2854 1503 2893 profecto

1371 2903 1537 2946 ubicunque

1373 2953 1433 2985 telo

1083 2665 1142 2693 quo

1083 2704 1206 2735 missust

1083 2754 1114 2782 in

1085 2803 1141 2832 fine

1085 2853 1249 2893 profectum

1086 2902 1252 2943 ubicunque

1086 2951 1147 2983 telo
