1967 3314
278 438 432 462 FERRAND
439 439 484 459 US.

285 656 359 685 Sine
371 656 470 686 Anno.

260 746 436 776 Clarandum
449 752 495 777 est

260 797 400 829 habemus

260 847 402 881 Queritur

260 897 366 937 cuique

261 948 409 988 extemplo

261 998 291 1027 in

262 1048 292 1077 id

260 1097 355 1138 ipsum

260 1148 418 1179 simulacra

259 1202 337 1228 terra

259 1248 340 1277 cordi
354 1252 401 1278 est

259 1297 352 1327 celum

258 1348 348 1376 verbo

257 1401 372 1427 recreat

258 1447 331 1477 Cum

257 1499 412 1538 presertim

256 1547 407 1577 dissimilis

257 1598 372 1638 cogitat

256 1647 437 1677 innumerum

256 1707 322 1727 cum

256 1746 413 1777 simulacra

257 1806 322 1825 cum

255 1846 358 1876 valens

255 1897 413 1927 simulacra

255 1947 371 1987 possint

254 1996 327 2026 illud
339 1997 395 2027 erit

255 2045 462 2076 Consentimus

253 2095 283 2124 id
295 2099 344 2126 est

253 2156 319 2176 cum

251 2205 374 2236 quaeqne

253 2245 361 2276 Presto

253 2296 284 2325 in

254 2345 411 2376 simulacra

254 2395 333 2426 locos

255 2445 379 2485 quisque

254 2494 412 2534 Tantaque

254 2554 349 2573 rerum
364 2549 426 2574 stet

634 223 847 274 LIBRI
893 224 1209 283 QUARTI.

527 409 649 429 PAULUS
661 409 797 430 mumm-
822 408 1014 428 THEODORUS
1029 408 1070 428 DE

596 463 732 484 FERGER.

544 747 721 777 Clarandum
734 753 781 778 est

543 797 685 827 habemus

544 848 684 882 Queritur

543 898 650 937 cuique

543 959 580 977 ex
593 948 703 988 templo

544 998 624 1027 deest

545 1048 574 1077 in

542 1097 638 1136 ipsum

543 1149 722 1180 simulachra

542 1203 651 1229 terram

542 1249 655 1279 cordist

543 1299 650 1328 caelum

542 1348 632 1376 verbo

541 1407 577 1425 ne
591 1401 674 1427 creat

540 1446 614 1476 Cum

540 1498 696 1536 presertim

539 1547 693 1577 dissimilis

541 1596 655 1636 cogitat

541 1646 571 1674 in
584 1656 735 1676 numerum

541 1705 610 1734 qum

540 1746 718 1776 simulachra

541 1807 606 1825 cum

540 1847 641 1876 valent

539 1896 719 1926 simulachra

538 1951 660 1986 possent

538 1996 669 2026 illuderit

539 2046 746 2077 consentimus

538 2095 567 2125 id
581 2100 629 2126 est

538 2155 607 2184 qum

537 2204 652 2234 queque

538 2245 657 2275 Praesto

536 2295 567 2324 in

537 2345 715 2374 simulachra

536 2395 617 2425 locos

537 2444 662 2483 quisque

538 2493 640 2522 Tanta

538 2547 600 2573 stet
611 2553 708 2573 rerum

282 2698 329 2723 est
337 2693 431 2724 altera
440 2700 511 2725 nata
568 2695 663 2725 altera
675 2699 746 2724 nata

255 2744 329 2773 Inde
349 2749 431 2774 statu
452 2745 510 2784 pri·
540 2745 613 2775 Inde
633 2749 716 2775 statu
736 2745 795 2784 pri·
825 2746 898 2776 Inde
917 2751 1000 2776 statu
1018 2747 1077 2787 pri-

282 2803 316 2822 or
329 2794 377 2823 hic
392 2801 509 2834 gestum

281 2843 415 2875 imitasse
428 2845 509 2875 vide-

281 2897 330 2923 tur

566 2806 600 2826 or
615 2795 662 2825 hic
676 2800 793 2835 gestum

565 2845 699 2876 imitasse
714 2845 793 2875 vide-

567 2899 618 2925 tur

832 463 873 483 ΒΔ
878 462 1018 483 GAzomB
1022 462 1066 482 US.

829 746 1006 776 Clarandurn
1019 750 1066 776 est

827 796 970 826 habemus

828 847 980 881 Quaeritur

829 896 935 936 cuique

828 956 865 975 ex
878 945 988 985 templo

828 996 908 1026 deest

828 1047 858 1075 in

828 1097 924 1137 ipsum

828 1146 1007 1176 simulachra

828 1201 939 1226 terram

829 1247 940 1277 cordist

828 1298 930 1327 caelum

827 1348 916 1376 verbo

826 1407 863 1426 ne
874 1401 957 1426 creat

826 1448 900 1478 Cum

825 1498 988 1538 praesertim

825 1548 978 1577 dissimilis

825 1598 940 1638 cogitat

826 1648 855 1677 in
870 1658 1021 1678 numerum

825 1708 894 1737 qum

826 1747 1004 1778 simulachra

826 1809 891 1827 curn

827 1847 927 1877 valent

825 1899 1004 1929 simulachra

824 1953 946 1989 possent

824 1999 954 2030 illuderit

823 2049 1030 2080 Consentimus

823 2099 854 2128 id
867 2104 915 2130 est

823 2160 892 2189 qum

821 2209 948 2239 quaeque

823 2249 938 2279 Praesto

821 2299 852 2328 in

822 2349 1000 2378 simulachra

822 2399 902 2428 locos

822 2448 948 2486 quisque

823 2496 925 2525 Tanta

822 2551 884 2576 stet
897 2556 994 2576 rerum

854 2647 932 2688 perit
942 2647 1001 2676 alio
1014 2658 1051 2686 qu

851 2697 948 2727 altera
961 2701 1033 2726 nata

854 2807 887 2825 or
897 2797 948 2826 hic
961 2801 1076 2837 gestum

851 2846 986 2879 imitasse
998 2847 1078 2877 vide-

852 2899 902 2925 tur

1179 439 1266 462 Amm
1270 441 1294 462 S.

1194 657 1208 682 1
1213 657 1277 684 500.

1115 746 1284 776 clarandum
1298 752 1346 777 est

1114 807 1234 827 avemus

1114 847 1266 881 Quaeritur

1114 897 1220 935 cuique

1112 947 1261 987 extemplo

1114 996 1194 1026 deest

1114 1047 1144 1076 id

1113 1096 1209 1136 ispum

1113 1147 1271 1178 simulacra

1113 1202 1222 1227 terram

1113 1248 1226 1277 cordist

1113 1298 1216 1327 caelum

1112 1347 1239 1376 verbone

1111 1402 1194 1427 creat

1112 1447 1186 1476 Cum

1112 1498 1278 1536 praesertim

1110 1547 1281 1578 dissimileis

1111 1597 1224 1637 cogitet

1112 1647 1142 1676 in
1157 1658 1307 1678 numerum

1112 1708 1178 1726 cum

1111 1746 1268 1777 simulacra

1111 1806 1177 1825 cum

1111 1848 1212 1878 valent

1110 1897 1268 1928 simulacra

1110 1951 1226 1989 possint

1109 2000 1182 2030 illud
1195 2001 1252 2030 erit

1108 2051 1308 2080 consentimus

1108 2100 1137 2129 id
1151 2105 1199 2130 est

1106 2161 1173 2179 cum

1106 2210 1230 2239 quaeque

1109 2249 1225 2280 Praesto

1107 2300 1168 2330 sint

1107 2348 1266 2379 simulacra

1106 2398 1186 2427 locos

1109 2459 1242 2488 quosque

1106 2502 1193 2527 tanta

1135 2703 1182 2728 est
1190 2698 1284 2728 altera
1293 2705 1343 2729 na*

1110 2748 1183 2777 Inde
1201 2752 1285 2778 statu
1304 2751 1363 2789 pri-

1137 2808 1171 2827 or
1183 2798 1232 2828 hic
1244 2804 1362 2839 gestum

1136 2852 1268 2879 mutasse
1283 2850 1363 2880 vide-

1138 2902 1188 2928 tur

1556 239 1650 282 293

1408 390 1449 410 nx
1459 392 1496 411 ’n-
1503 393 1624 415 Pomm-
1641 377 1644 379 ⁵

1380 444 1460 464 rum
1472 445 1654 470 socuzmns

1419 498 1614 522 mroxnxs-AE.

1450 569 1585 610 Biponti.

1399 752 1618 786 Clarandum’st

1398 813 1518 834 avemus

1397 853 1548 887 Quaeritur

1398 905 1525 945 quoique

1396 956 1545 996 extemplo

1397 1003 1478 1034 deest

1398 1054 1428 1083 id

1397 1103 1493 1143 ipsum

1398 1154 1556 1185 simulacra

1397 1208 1508 1234 ten-am

1398 1253 1522 1284 eordi'st

1397 1304 1504 1332 coelum

1398 1354 1525 1383 verbone

1397 1408 1479 1433 creat

1397 1454 1493 1488 Quom

1396 1505 1560 1545 praesertim

1396 1555 1566 1585 dissimileis

1397 1605 1511 1645 cogitet

1396 1655 1426 1683 in
1440 1665 1592 1684 numerum

1396 1713 1484 1742 quom

1396 1753 1555 1784 simulacra

1397 1814 1485 1842 quom

1395 1854 1515 1884 madent

1395 1904 1552 1934 simulacra

1395 1954 1510 1993 possint

1393 2003 1464 2032 illud
1476 2004 1534 2033 erit

1394 2053 1468 2082 Cum
1482 2053 1626 2083 sentimus

1393 2102 1435 2132 id:
1450 2107 1484 2132 ut

1392 2162 1458 2182 Cllm

1391 2212 1515 2241 quaeque

1392 2251 1511 2281 Praesto

1391 2301 1452 2330 sint

1392 2350 1548 2381 simulacra

1391 2401 1463 2430 locis

1391 2451 1534 2490 queisque

1392 2500 1493 2530 Tanta
1505 2504 1552 2530 est

1391 2555 1422 2580 et
1435 2560 1536 2580 eorum
