1967 3314
443 221 783 272 RICARDI
831 219 1219 270 BENTLEII.
1499 225 1594 264 443

263 363 326 391 431
355 357 562 402 Magnarum
577 368 694 392 rerum
710 356 797 390 fiant
813 354 958 390 exordia
974 366 1076 399 saepe,

138 425 215 467 Leg.
238 436 361 466 nempe.

256 535 319 564 451
347 529 538 573 Propterea
555 527 650 574 quod
667 533 767 562 erant
784 525 912 571 gravia,
927 531 965 559 et
981 522 1159 569 perplexa,
1177 523 1318 557 coibant

353 593 394 626 In
412 591 597 638 medioque
612 592 698 626 imas
716 590 899 636 capiebant
915 586 1033 622 omnia
1050 586 1161 621 sedes.

137 668 321 700 Turnebus:

583 722 728 760 Coibant,

310 777 351 806 In
367 776 472 806 medio
487 783 579 816 atque
594 777 681 807 imas.

258 904 324 933 459
351 899 508 932 Partibus
525 909 709 944 erumpens
726 897 857 943 primus
875 909 912 932 se
929 897 1071 933 sustulit
1087 896 1198 931 aether

140 969 194 999 An
210 968 381 999 Protinus?
407 969 444 999 B.

258 1077 325 1105 447
349 1071 397 1104 Et
413 1076 530 1104 tamen
546 1069 637 1104 inter
654 1076 820 1114 utrosque
837 1069 886 1103 ita
903 1076 996 1112 sunt,
1013 1076 1053 1103 ut
1070 1078 1218 1114 corpora
1234 1068 1308 1101 viva

138 1138 216 1179 Leg.
232 1139 326 1178 priva.

259 1244 327 1272 486
352 1236 562 1271 Verberibus
580 1236 708 1271 crebris
726 1243 882 1270 extrema
898 1236 942 1270 ad
960 1236 1079 1271 limina
1095 1240 1260 1281 apertam,

140 1314 179 1344 Ο.
198 1315 294 1345 MSS.
311 1322 438 1354 partem.
485 1315 685 1355 Legendum,
701 1314 827 1353 raptim,
850 1313 919 1344 vide
934 1313 986 1345 lib.
1003 1313 1067 1344 VI.
1084 1323 1110 1344 v.
1129 1316 1199 1344 851.
1224 1311 1274 1342 lib.
1293 1310 1354 1341 IV.
1375 1318 1403 1340 v.
1420 1311 1491 1340 425.
1512 1309 1549 1339 B.
1564 1314 1595 1339 et

97 1366 149 1398 lib.
169 1369 196 1400 I.
213 1379 240 1399 v.
259 1373 331 1400 665.

314 1445 446 1483 Corpus,
463 1443 510 1473 nil
524 1444 564 1473 ab
576 1453 610 1473 se
624 1442 710 1483 quod
725 1442 821 1482 possit
837 1442 961 1473 mittere
978 1442 1095 1481 raptim

313 1498 444 1529 AEstifer
457 1498 541 1538 ignis
555 1497 602 1527 uti
617 1497 726 1527 lumen
738 1497 826 1536 jacit,
843 1503 936 1538 atque
950 1506 1108 1536 vaporem.

263 1605 331 1634 504
354 1598 585 1634 Commiscet:
613 1597 696 1632 sinit
712 1598 782 1632 hoec
798 1597 970 1633 violentes
987 1596 1104 1631 omnia
1119 1596 1209 1631 verti

142 1669 208 1707 An,
231 1668 302 1701 hic?

263 1777 329 1806 539
355 1770 515 1806 Partibus
532 1772 634 1807 ae‘riis
651 1770 783 1813 mundi,
805 1769 928 1816 quibus
944 1768 1049 1803 insita
1064 1769 1150 1802 sidit.

146 1842 223 1870 Sidit
238 1840 254 1869 ἒ

265 1948 327 1976 541
357 1943 409 1976 Et
425 1953 487 1976 sua
504 1941 630 1987 cuique
645 1941 780 1976 homini
796 1940 894 1974 nullo
913 1947 995 1975 sunt
1011 1939 1167 1986 pondere
1183 1938 1350 1973 membrat

145 2011 230 2051 Lege
247 2011 300 2041 [t.

268 2115 330 2144 551
360 2110 533 2144 Praeterea
547 2109 668 2155 grandi
683 2110 808 2144 tonitru
824 2119 995 2143 concussa
1008 2112 1154 2153 repente

156 2180 284 2209 Tonitra
297 2180 313 2208 ?

267 2282 330 2310 561
361 2277 441 2314 Quis
457 2277 550 2322 potis
567 2284 633 2320 est,
649 2276 715 2311 nisi
731 2276 783 2311 vis
800 2275 937 2318 animae‚
954 2285 1032 2320 quae
1048 2274 1203 2308 membra
1218 2267 1408 2316 gubernat?

148 2344 320 2385 Quid,1eg.

274 2450 341 2478 564
365 2444 585 2489 Conjunctus
602 2443 715 2486 terris,
732 2450 766 2478 et
783 2442 882 2478 nobis
900 2449 953 2477 cst
970 2443 1071 2477 animi
1085 2439 1157 2476 vis?

146 2510 283 2541 Animae.
308 2510 390 2541 Vide
405 2522 432 2542 v.
449 2515 521 2543 558.

267 2615 331 2643 581
362 2610 476 2654 Quam
493 2611 657 2644 minimum
675 2609 772 2645 filum
790 2616 1001 2656 quapropter
1017 2607 1100 2643 luna
1116 2603 1317 2642 necesse’st.

147 2683 237 2723 Lego
251 2682 355 2712 minui
380 2684 460 2723 (uon
475 2683 684 2723 minimum);
706 2684 743 2714 B.
791 2683 847 2714 Ait
871 2693 981 2713 eorum
1008 2692 1078 2722 quae
1101 2691 1118 2711 e
1146 2680 1319 2720 longinquo
1345 2675 1606 2716 contemplamur,

104 2737 192 2776 prius
218 2737 354 2777 speciem
383 2744 414 2767 et
438 2738 575 2768 formam
596 2738 761 2768 confusam
787 2739 1001 2778 incertamque
1015 2736 1126 2773 videri,
1152 2745 1248 2776 quam
1263 2733 1354 2764 filum
1368 2738 1400 2763 et
1413 2731 1607 2772 magnitudi-

80 2820 83 2821 ⁷
104 2801 177 2821 nem
191 2791 390 2822 diminutam.
434 2792 599 2831 Epicurus,
623 2794 642 2823 ἐι
670 2807 730 2836 γαρ
746 2807 778 2823 ero
792 2794 909 2833 μεγεδος
932 2791 977 2823 δια
993 2805 1026 2822 το
1051 2789 1200 2829 Biana-ma
1217 2792 1426 2826 ἀποβεβληκει,
1444 2793 1550 2826 rouo!
1575 2787 1609 2815 ἄν

104 2853 221 2884 μαλλον
237 2861 288 2880 την
309 2861 413 2890 χςοαν.
455 2853 546 2890 Χςοιι,
570 2849 661 2885 color,
686 2847 872 2887 superficies,
898 2845 952 2877 lib.
972 2846 1032 2876 IV.
1059 2855 1085 2876 v,
1100 2849 1173 2876 267.
1219 2844 1262 2875 Et
1289 2841 1478 2884 Pythagorei
1505 2853 1608 2881 ςςςωαν

105 2901 223 2932 {naaman
239 2915 290 2935 ‘rm
306 2910 464 2943 επιφανεωιν
480 2916 530 2933 του
545 2915 687 2942 σωματος.
735 2903 818 2933 Stob.
836 2901 946 2941 Eclog.
966 2901 992 2931 I.
1014 2904 1060 2931 19.
