1967 3314
325 318 328 323 ,
371 271 469 310 410
794 257 1418 308 ANNOTATIONES

544 398 609 426 120
632 392 698 426 Per
710 392 843 437 genteis
859 392 966 426 Italas
981 392 1145 425 hominum
1161 403 1239 437 quae
1256 391 1350 427 clara
1365 391 1509 427 clueret.

422 462 473 493 Ita
487 471 575 503 qven.
620 462 719 492 Abest
733 471 751 490 a
767 461 884 491 Veron.
928 460 987 491 Est
1000 460 1033 490 in
1050 460 1147 491 MSS.

545 563 608 590 124
634 555 703 590 Sed
720 554 879 601 quaedam
895 554 1080 590 simulacra
1095 553 1208 589 modis
1224 552 1392 600 pallentia
1407 553 1515 589 miris:

425 626 523 656 Abest
538 635 557 656 a
571 629 590 655 2
609 623 708 655 Codd.

548 725 612 754 126
637 719 897 755 Commemorat
914 716 1077 764 speciem,
1091 716 1260 762 lacrymas
1276 716 1464 763 etfundere
1479 716 1586 753 salsas

426 789 465 824 Q„
481 799 506 820 c.
529 788 709 819 Effundere.

553 886 617 915 130
643 881 723 925 Qua
738 878 824 913 fiant
839 877 987 920 ratione,
1002 884 1039 912 et
1055 888 1123 923 qua
1138 877 1173 912 vi
1188 888 1334 923 quaeque
1346 879 1512 923 genan'tur

429 950 517 981 Bene
531 949 650 980 Veron.
666 954 823 989 gerantur.

553 1048 616 1075 132
642 1040 746 1076 Unde
762 1041 883 1084 anima,
898 1046 1003 1086 atque
1019 1038 1125 1075 animi
1141 1044 1279 1074 constet
1295 1045 1419 1074 natura
1433 1038 1638 1074 videndum:

429 1110 568 1142 Animae.

554 1207 617 1236 134
641 1200 673 1235 Τ
674 1200 823 1236 errificet
840 1183 961 1236 morbo
978 1198 1122 1242 affectis,
1138 1209 1326 1244 somnoque
1342 1197 1499 1244 sepultis,

431 1271 589 1302 Somnove.

555 1369 616 1396 141
645 1362 714 1397 Sed
731 1369 793 1396 tua
807 1373 863 1398 me
878 1361 987 1396 virtus
1003 1366 1132 1402 tamen,
1148 1366 1184 1394 et
1199 1364 1334 1404 sperata
1349 1359 1500 1405 voluptas

432 1431 472 1468 Q.
484 1441 510 1462 c.
536 1430 677 1470 Spectata
691 1430 845 1461 voluntas.

547 1541 611 1568 142
637 1533 759 1568 Suavis
776 1532 948 1574 amicitiae,
964 1530 1118 1577 quemvis
1128 1532 1287 1576 perferre
1301 1531 1454 1565 laborem

434 1603 472 1633 Ο.
490 1602 562 1633 MS.
585 1602 702 1632 efferre.

553 1701 617 1728 143
645 1693 787 1737 Suadet,
804 1699 840 1728 et
856 1691 991 1727 inducit
1005 1691 1141 1727 'nocteis
1156 1690 1297 1737 vigilare
1311 1704 1456 1734 serenas,

434 1764 520 1804 Lege
535 1774 663 1794 severas,

556 1862 620 1890 150
644 1855 855 1902 Principium
870 1839 949 1891 hinc⁴
960 1857 1054 1902 cujus
1071 1852 1171 1889 nobis
1187 1853 1331 1889 exordia
1347 1859 1475 1888 sumet:

437 1929 538 1970 Cujus
552 1929 636 1967 hinc;
658 1925 730 1959 MS.
748 1929 837 1959 Voss.

555 2027 617 2056 157
643 2020 702 2055 De
718 2020 840 2063 nihilo,
858 2027 943 2063 tum,
959 2018 1053 2065 quod
1069 2019 1226 2064 sequitur,
1244 2019 1318 2065 jam
1334 2018 1463 2054 rectius
1478 2018 1561 2053 inde

442 2099 481 2130 Ο.
498 2099 537 2130 Μ’
541 2098 594 2130 SS.
609 2099 779 2140 sequimur,
794 2105 892 2137 recte3
907 2112 939 2130 το
956 2100 1130 2139 {news-mov,
1147 2113 1180 2130 το
1195 2102 1388 2141 ἀπορονμενον,
1402 2099 1454 2130 lib.
1471 2099 1534 2130 VI.
1551 2109 1578 2130 v.
1592 2102 1666 2132 807.

539 2206 602 2234 176
627 2198 738 2234 Viteis
754 2205 923 2236 autumno
937 2196 1037 2234 fundi
1057 2200 1195 2233 sudante
1210 2198 1384 2234 videmus:

440 2269 479 2305 Q.
494 2279 519 2299 c.
542 2268 705 2307 suadente,
729 2268 866 2299 suadere.

542 2367 607 2395 180
629 2360 724 2396 Tuto
740 2372 796 2396 res
811 2367 948 2396 teneras
964 2359 1062 2396 effert
1076 2359 1113 2394 in
1128 2359 1269 2395 luminis
1285 2357 1383 2396 oras?

440 2429 527 2471 Lege
541 2429 650 2462 auras?
675 2430 725 2460 lib.
743 2430 769 2460 Ι.
785 2440 812 2461 ν.
828 2433 901 2460 208.

514 2541 517 2544 -
540 2528 606 2556 208
633 2521 817 2568 Multaque
831 2521 980 2557 vivendo
996 2522 1109 2556 vitalia
1123 2520 1262 2557 vincere
1275 2520 1391 2556 saecla:

444 2590 600 2621 Mortalia.

541 2690 608 2718 210
632 2683 738 2719 Culta
753 2683 843 2727 loca,
858 2690 894 2719 et
909 2684 1066 2720 manibus
1082 2684 1244 2719 meliores
1262 2684 1354 2718 reddi
1369 2682 1489 2718 foetus:

444 2752 556 2783 Edere.

542 2861 609 2889 216
634 2856 713 2891 Huc
731 2856 880 2902 accedit,
894 2857 946 2893 uti
962 2859 1100 2905 quicque
1115 2858 1151 2892 in
1168 2869 1230 2893 sua
1246 2867 1393 2904 corpora
1408 2867 1545 2892 rursum

445 2924 560 2955 Veron.
576 2934 715 2965 quaeque.

1142 2981 1163 3007 5
