1967 3314
277 220 373 261 454
707 207 1334 258 ANNOTATIONES

446 349 507 378 641
535 342 741 390 Expediam,
757 353 871 387 neque
888 341 980 376 enim
997 342 1103 376 media
1120 341 1164 376 de
1181 341 1282 376 clade
1298 347 1423 377 coorta

319 415 486 455 Enceladi3
501 416 561 458 leg.
577 416 647 447 vide
664 415 836 445 Heinsium
852 414 893 445 ad
911 414 1016 446 Ovidii
1033 415 1165 446 Metam.
1179 425 1208 454 p.
1226 419 1275 447 97.

444 531 512 560 652
539 526 589 559 Et
605 529 704 571 quota
720 535 799 570 pars
814 523 923 558 homo
940 524 1047 559 terra'i
1063 523 1109 558 sit
1125 525 1225 558 totius
1239 534 1342 559 unus.

325 598 364 635 Q.
383 598 480 630 MSS.
504 598 572 628 Nec
586 603 701 639 quota;
722 597 812 628 rectia
835 598 918 639 lege,

495 683 563 713 Nec
575 689 639 714 tota
656 693 740 722 pam,
756 682 855 713 homo
870 683 962 713 terra'i
976 689 1068 724 quota
1086 682 1182 714 totius
1197 693 1289 714 unus.

325 770 437 809 Τὸωε,
453 777 579 813 quotus:
605 770 689 801 unde
703 769 807 808 tbties,
822 770 952 810 quoties,

445 886 511 916 674
537 879 679 916 Scilicet
696 885 732 914 et
748 878 886 922 fluvius,
901 881 957 926 qui
973 891 1039 914 non
1056 885 1116 923 est,
1132 879 1304 915 maximus
1321 879 1411 915 eii’st

327 950 366 983 O.
384 952 480 985 MSS.
495 952 549 993 qui
564 952 659 990 visus,
676 951 761 992 lego,

637 1033 750 1064 fluvius
762 1033 864 1075 quivis
877 1039 923 1064 est
936 1031 1093 1063 maximus
1108 1032 1158 1063 eii.

444 1150 510 1178 698
536 1143 582 1178 Et
598 1149 781 1189 penetrare
798 1142 885 1177 mari
898 1141 1040 1190 penitus
1056 1153 1112 1177 res
1130 1142 1223 1188 cogit
1239 1149 1376 1188 aperto:

323 1216 420 1258 Lege,

496 1304 539 1334 Et
553 1310 715 1344 penetrare
730 1313 824 1338 mare,
840 1309 871 1335 et
885 1303 1010 1343 penitus
1024 1313 1057 1334 se
1071 1313 1182 1346 cogere
1196 1303 1229 1335 in
1245 1309 1375 1336 arctum.

325 1391 376 1423 Ex
390 1389 527 1431 vestigiis
543 1390 640 1421 MSS.
656 1390 694 1421 B.
711 1390 781 1421 vide
798 1391 947 1423 Fabrum,

447 1506 510 1536 701
537 1501 579 1534 In
597 1510 733 1534 summo
749 1504 832 1533 sunt
847 1499 1012 1544 ventigem'
1029 1496 1204 1540 crana-es,
1219 1503 1260 1532 ut
1274 1497 1341 1542 ipsi

328 1575 424 1615 Lege,

640 1654 753 1685 vertice
767 1653 854 1684 enim
873 1659 1004 1685 crateres

449 1770 519 1800 710
543 1763 674 1799 Verum
690 1762 833 1810 aliquid,
847 1774 974 1810 genere
989 1774 1066 1799 esse
1083 1775 1126 1798 ex
1143 1762 1224 1806 hoc,
1243 1763 1338 1809 quod
1355 1765 1466 1798 concio
1485 1763 1590 1806 dicat,

330 1837 495 1876 Consciu';
518 1837 577 1878 leg.

452 1954 518 1983 713
543 1946 679 1982 Unicus
693 1946 731 1982 in
747 1946 849 1982 terris
865 1946 1013 1993 AEgypti
1029 1946 1139 1982 totius
1156 1946 1278 1981 amnis.

545 2011 580 2045 Is
596 2010 684 2056 rigat
700 2010 896 2056 AEgyptum
913 2010 1066 2046 medium
1082 2021 1145 2056 per
1161 2022 1254 2056 saepe
1271 2009 1435 2053 calorem,

546 2073 623 2107 Aut
639 2073 720 2119 quia
736 2081 818 2108 sunt
836 2081 958 2108 aestate
974 2073 1170 2120 Aquilones
1187 2074 1278 2109 ostia
1295 2081 1420 2108 contra

497 2131 499 2134 ⁴
547 2135 644 2171 Anni
660 2142 817 2182 tempore
832 2148 889 2179 eo,
905 2148 974 2182 quo
992 2136 1112 2173 Etesia
1127 2137 1234 2171 flabra
1250 2136 1423 2172 feruntur:

337 2217 436 2257 Ordo,

505 2306 630 2337 Unicus
645 2306 678 2336 in
693 2305 782 2336 ten-is
799 2305 931 2346 AEgypti
947 2305 1042 2336 totius
1056 2305 1168 2335 amnis.

507 2365 597 2396 Anni
613 2371 753 2405 tempore
767 2376 817 2402 eo,
833 2375 896 2406 quo
911 2365 1017 2396 Etesia
1032 2364 1128 2395 flabra
1142 2365 1299 2395 feruntur:

505 2425 575 2455 Aut
589 2425 662 2466 quia
677 2431 751 2456 sunt
766 2431 874 2456 aestate
892 2425 1067 2466 Aquilones
1081 2425 1159 2455 ostia
1172 2430 1283 2455 contra

458 2551 525 2581 714
550 2546 584 2580 Is
600 2545 688 2591 rigat
704 2544 898 2591 AEgyptum
915 2543 1066 2579 medium
1084 2555 1147 2590 per
1163 2554 1257 2588 saepe
1274 2542 1437 2586 calorem,

338 2619 455 2651 Versus
469 2618 605 2659 spurius,
620 2620 658 2649 Β.
675 2619 749 2649 Hoc
765 2633 798 2650 το
812 2630 902 2660 saepe,
919 2618 992 2648 satis
1007 2618 1136 2656 indicat,
1152 2624 1183 2648 et
1199 2624 1394 2657 mua-omma.-
1412 2615 1482 2646 vide
1497 2615 1549 2647 lib.
1566 2616 1609 2646 V.
1626 2626 1652 2647 v.
1672 2618 1741 2648 741.

459 2746 523 2775 747
551 2738 674 2784 Qualis
691 2739 784 2785 apud
800 2739 929 2775 Cumas
946 2738 1044 2774 locus
1062 2745 1115 2774 est
1131 2744 1355 2783 montemque
1374 2737 1548 2773 Vesevum

550 2801 695 2848 Oppleti
711 2801 832 2838 calidis
849 2801 907 2838 ubi
922 2800 1059 2838 fumant
1073 2800 1229 2837 fontibus
1246 2807 1380 2836 auctus,
