1967 3314
578 272 796 321 LIBRI
839 271 1083 321 ιΒΕΧΤΙ.

1495 280 1587 325 387

99 656 138 683 V.

93 793 148 822 873

94 891 151 920 874

95 990 151 1019 875

96 1089 152 1120 376

97 1141 152 1169 377

96 1190 153 1219 878

98 1289 154 1314 880

97 1389 153 1415 883

96 1438 153 1463 884

98 1537 153 1562 885

98 1586 153 1614 887

99 1635 155 1664 889

99 1737 156 1765 890

99 1936 153 1965 891

209 483 410 505 FERRANDUS.

249 609 378 638 Brixiae.

217 699 289 729 Sine
301 701 400 731 Anno.

196 789 334 830 Frigidus

196 839 275 869 deest

199 889 339 919 Preterea

197 940 227 969 in

198 989 291 1018 lucem

198 1039 319 1068 rarestit

199 1099 264 1127 quae

201 1137 351 1166 Demittat

200 1186 311 1216 exolvit

200 1247 349 1276 novosque

202 1286 316 1326 Stuppa

199 1335 344 1364 flammam

199 1395 257 1424 qua

199 1439 279 1464 terra
293 1445 358 1473 quae

199 1494 319 1514 necesse
331 1488 382 1514 est

199 1544 375 1574 consurgere

202 1583 262 1612 vita

200 1642 308 1671 aquam

202 1682 356 1712 conciliare

201 1732 269 1761 inde

202 1781 290 1810 maris

202 1835 288 1870 parat

202 1880 295 1910 dulcis

202 1930 292 1960 scatit

201 1991 234 2010 se

159 2046 161 2049 ·
202 2029 333 2058 dimonet

100 2085 156 2113 892

101 2184 156 2212 8953

103 2282 159 2310 894

105 2381 160 2409 895

104 2428 160 2459 896

107 2679 162 2708 897

108 2826 163 2856 898

107 2923 163 2954 899

203 2082 312 2118 praeter

203 2130 371 2170 reg-ionibus

202 2184 395 2220 opportunam

204 2229 366 2259 sitientibu'

205 2278 298 2308 dulcis

206 2387 356 2416 erumpere

207 2430 323 2456 scatere

208 2476 259 2505 illa

209 2530 345 2565 stuppam

208 2585 274 2614 quae

208 2635 273 2654 cum

210 2674 336 2703 videnda

209 2734 331 2763 corpora

209 2773 354 2803 adherent

208 2823 359 2863 extemplo

209 2884 266 2912 que

212 2927 307 2963 stupae

457 443 580 463 PAULUS
594 433 737 466 numm-3

521 499 656 520 PERGER.

479 783 587 824 Frigus

478 838 511 862 ut

480 883 629 913 Praeterea

480 934 559 963 deest

480 983 574 1012 lucem

481 1033 604 1063 rarescit

482 1094 538 1122 que

484 1133 633 1163 Demittat
678 1155 681 1158 -

483 1182 594 1211 exolvit

483 1241 631 1271 novosque

485 1281 598 1321 Stuppa

483 1330 628 1360 flammam

482 1390 559 1418 aqua

482 1434 564 1459 terra
578 1441 635 1469 que

483 1485 634 1510 necessest

482 1534 663 1570 consurgunt
676 1531 718 1559 ire

484 1581 547 1608 vita

485 1639 571 1668 quam

485 1678 640 1707 conciliare

486 1728 552 1757 inde

486 1777 574 1807 maris

485 1832 572 1867 parat

486 1876 638 1916 dulcisque

485 1925 573 1954 statit

486 1974 549 2002 sedi

486 2028 583 2054 movet

487 2079 585 2113 preter

488 2125 638 2165 religionis

487 2179 660 2214 oportunam

487 2224 655 2254 sitientibus

487 2274 581 2304 dulcis

488 2324 564 2353 inter
576 2324 666 2354 vomit

489 2383 630 2412 erunpere

491 2426 603 2451 statere

491 2472 558 2501 illas

493 2525 629 2561 stuppam

493 2581 549 2610 que

493 2632 562 2660 qum

494 2670 618 2700 videnda

492 2731 613 2760 corpora

495 2770 638 2800 adherent

492 2831 530 2849 ex
544 2820 655 2860 templo

491 2882 547 2910 que

493 2925 599 2962 stuppe

752 455 943 475 THEODORUS
958 455 999 474 DE

747 511 750 514 '
761 508 995 529 RA‘GAZONIBUS.

808 612 946 642 Venetiis.
960 649 962 651 Ι

836 706 849 731 1
854 707 910 735 495

533 605 662 636 Veronae.

554 698 634 726 1486.
912 724 920 732 ,

762 890 915 920 Praeterea

761 940 841 969 deest

762 991 856 1019 lucem

764 1039 887 1069 rarescit

763 1099 828 1127 quae

766 1138 915 1168 Demittat

765 1187 879 1216 exolvit

766 1245 914 1275 novosque

767 1273 881 1323 Stuppa

765 1334 910 1363 flammam

765 1394 843 1422 aqua

765 1437 845 1461 terra
859 1442 924 1470 quae

766 1486 918 1512 necessest

766 1535 949 1571 consurgunt
961 1530 1003 1560 ire

767 1581 830 1610 vita

768 1640 855 1669 quam

768 1680 923 1709 conciliare

769 1730 836 1759 inde

762 1779 857 1809 >maris

769 1835 853 1870 parat

769 1879 920 1919 dulcisque

769 1929 856 1959 statit

768 1978 831 2007 sedi

769 2033 866 2058 movet

770 2082 877 2117 praeter

768 2127 917 2167 religionis

768 2181 942 2216 oportunam

768 2226 938 2257 sitientibus

769 2276 864 2306 dulcis

770 2326 846 2355 inter
858 2325 951 2354 vomit

770 2384 920 2412 erumpere

770 2428 880 2453 statere

772 2473 837 2502 illas

774 2526 911 2562 stuppam

773 2582 841 2610 quae

761 2633 841 2661 ·qum

773 2671 895 2701 videnda

772 2731 896 2759 corpora

774 2771 917 2800 adherent

772 2831 809 2850 ex
830 2818 938 2859 templo

773 2881 838 2910 quae

773 2925 880 2961 stuppe

1098 486 1210 507 ALDUS.

1091 608 1230 638 Venetiz'S.

1118 701 1201 727 1500.

1045 787 1185 829 Frigidus

1044 839 1074 868 in

1047 889 1196 919 Praeterea

1045 939 1074 967 in

1045 988 1139 1018 lucem

1047 1039 1170 1069 rarescit

1046 1098 1114 1126 quae

1047 1138 1184 1168 demittat

1047 1187 1158 1218 exolvit

1048 1238 1197 1278 nodosque

1051 1287 1145 1327 Stupa

1049 1338 1193 1368 flammam

1049 1397 1127 1425 aqua

1048 1440 1187 1477 terraque

1048 1493 1200 1518 necessest

1049 1548 1226 1577 consurgere

1050 1585 1117 1614 viva
1125 1625 1128 1628 ἦ

1050 1646 1155 1674 aquam

1050 1684 1205 1714 conciliare

1052 1733 1120 1762 inde

1050 1785 1124 1814 mari

1050 1834 1144 1873 spirat

1050 1883 1144 1912 dulcis

1051 1932 1142 1962 scatit

1051 1993 1084 2011 se

1050 2033 1179 2062 dimovet

1052 2081 1163 2120 pariter

1052 2130 1220 2170 regionibus

1052 2184 1244 2220 opportunam

1052 2229 1220 2259 sitientibus

1052 2278 1163 2307 dulceis

1051 2326 1219 2356 intervomit

1053 2386 1203 2415 erumpere

1054 2428 1167 2455 scatere

1054 2475 1104 2504 illa

1054 2529 1170 2564 stupam

1055 2585 1120 2614 quae

1054 2633 1119 2652 cum

1055 2673 1084 2701 in
1096 2671 1179 2701 taeda
1191 2682 1255 2701 cum

1050 2731 1176 2761 corpora

1055 2771 1206 2800 adhaerent

1056 2819 1204 2859 extemplo

1055 2870 1131 2910 quod

1056 2924 1154 2959 stupae

1334 430 1375 448 nx
1391 430 1553 451 'rvrocRA-

1307 482 1384 502 rum
1400 483 1578 504 SOCOETA'US

1337 525 1541 557 jll’ONTINAE.

1375 607 1508 649 Biponti.

1401 700 1414 725 1
1419 700 1485 729 782.

1328 784 1351 813 F
1356 784 1469 824 rigidus

1327 834 1356 863 in

1328 885 1477 914 Praeterea

1328 935 1358 964 iu

1328 983 1385 1013 luci

1330 1035 1454 1063 rarescit

1329 1093 1395 1121 quae

1331 1131 1474 1161 Dimittat

1330 1181 1456 1210 exsolvit

1331 1231 1480 1270 nodosque

1334 1281 1386 1310 stu
1389 1292 1427 1320 pa

1335 1329 1465 1359 flammas

1332 1389 1409 1417 aqua

1332 1434 1469 1469 terraque

1333 1481 1495 1510 necesse⁷st

1331 1541 1506 1571 consurgere

1333 1591 1401 1609 v1va

1332 1639 1437 1667 aquam

1334 1678 1482 1708 conciliari

1332 1729 1407 1758 endo

1333 1779 1406 1808 mari

1332 1828 1426 1867 spirat

1333 1877 1428 1907 dulcis

1334 1927 1425 1956 scatit

1333 1987 1367 2006 se

1332 2026 1461 2056 dimovet

1333 2076 1448 2114 praebet

1334 2126 1501 2166 regionibus

1332 2180 1524 2214 opportunam

1334 2225 1497 2255 sitientibu'

1334 2274 1444 2304 dulceis

1334 2323 1501 2353 intervomit

1334 2385 1486 2413 erumpere

1333 2427 1447 2453 scatere

1331 2473 1384 2502 illa

1335 2527 1451 2563 stupam

1335 2584 1393 2613 quo

1335 2634 1399 2653 cum

1335 2683 1399 2702 cum
1413 2673 1502 2703 taeda'1'

1336 2723 1448 2762 corpori

1336 2772 1486 2802 adhaerent

1336 2826 1431 2851 extem
1434 2822 1484 2862 plo

1337 2881 1406 2909 quia

1341 2926 1386 2950 stu
1389 2930 1437 2960 pae
