1967 3314
332 295 429 339 424
725 277 1340 336 ANNOTATIONES

587 420 684 457 Scire
699 419 783 454 licet
798 419 908 454 menti
923 428 1063 464 quoque
1078 424 1208 452 nostrae
1224 425 1372 462 corpora
1399 425 1504 462 posse

592 483 692 519 Verti
707 483 743 517 in
760 481 920 517 notitiam
938 481 1036 515 nullo
1051 480 1246 516 circumlita
1259 478 1353 514 suco.

591 546 756 593 Denique
773 557 838 581 nos
853 545 919 592 ipsi
935 545 1037 580 caecis
1053 554 1270 591 quaecunque
1285 542 1438 578 tenebris

596 609 797 656 Tangimus,
811 609 905 644 haud
923 608 996 643 ullo
1013 607 1183 644 sentimus
1199 606 1311 641 tincta
1326 605 1456 641 colore.

597 672 704 718 Quod
721 671 884 719 quoniam
901 671 1003 706 vinco
1020 669 1106 713 fieri,
1122 681 1216 705 nunc
1233 680 1309 705 esse
1325 667 1472 704 docebo.

472 760 590 790 Versus
603 758 726 789 luxatos
741 758 783 788 sic
796 757 831 787 in
845 756 989 787 ordinem
1003 756 1134 787 restituo

555 840 641 872 Nam
654 848 729 870 cum
744 837 904 878 caecigeni,
921 837 994 868 solis
1008 838 1062 878 qui
1076 837 1199 868 lumina
1213 846 1378 878 nunquam

557 899 726 939 Aspexere‚
741 904 848 927 tamen
865 902 1055 937 cognoscant
1068 905 1198 936 corpora
1211 902 1308 933 tactu,

557 958 643 988 Scire
659 957 732 987 licet
746 956 846 986 menti
861 966 986 997 quoque
1001 961 1106 985 nostra
1120 965 1248 995 corpora
1262 964 1352 994 posse

553 1016 644 1048 Verti
659 1017 693 1046 in
708 1015 852 1046 notitiam
867 1015 956 1046 nullo
971 1014 1147 1045 circumlita
1160 1014 1242 1044 fuco.

554 1076 704 1117 Denique
717 1085 774 1106 nos
788 1075 847 1114 ipsi
863 1075 952 1106 caecis
968 1083 1165 1116 quaecunque
1177 1072 1314 1104 tenebris

556 1135 746 1176 Tangimus,
767 1133 852 1165 haud
868 1133 934 1164 ullo
948 1134 1100 1164 sentimus
1114 1133 1211 1164 tincta
1225 1133 1337 1164 colore.

557 1194 653 1231 Quod
667 1194 817 1235 quoniam
832 1193 923 1224 vinco
939 1193 1018 1231 fieri,
1033 1203 1119 1224 nunc
1133 1203 1199 1223 esse
1213 1192 1332 1224 docebo

554 1254 606 1286 Ex
622 1255 751 1285 ineunte
766 1263 832 1284 aevo
846 1252 936 1284 nullo
950 1253 1107 1284 contincta
1122 1252 1237 1283 colore:

508 1370 575 1399 804
600 1364 697 1399 Inter
713 1363 892 1398 caeruleum
908 1362 1039 1397 vir—ideis
1055 1362 1190 1397 miscere
1213 1361 1422 1409 smaragdos.

387 1447 442 1480 Fo.
456 1445 624 1487 beryllum:
648 1444 689 1475 fo.
704 1443 811 1474 viridis
825 1442 929 1474 lucere
944 1441 1134 1482 smaragdos.

508 1562 576 1591 890
600 1553 694 1589 Illud
709 1553 745 1587 in
762 1551 817 1586 his
834 1550 939 1597 igitur
943 1551 1064 1596 soedus
1079 1549 1278 1585 meminisse
1293 1549 1443 1592 decebit,

388 1629 503 1660 Rebus,

509 1730 578 1761 895
602 1722 773 1765 Motibus,
789 1719 980 1763 ordinibus,
996 1719 1162 1766 posituris
1178 1718 1328 1766 denique
1344 1731 1419 1766 quoe
1434 1718 1519 1755 sint:

384 1799 475 1839 Quis.

509 1903 579 1933 920
605 1893 750 1932 Scilicet
765 1899 807 1930 ut
824 1898 988 1941 nequeant
1004 1892 1178 1936 homines,
1193 1899 1362 1936 armenta,
1377 1892 1542 1941 feraeque,

386 1978 566 2022 Nequeunt.

509 2085 575 2115 991
603 2077 777 2114 Omnibus
794 2077 848 2112 ille
864 2075 957 2112 idem
969 2082 1074 2123 pater
1089 2082 1155 2120 est,
1171 2075 1266 2111 unde
1279 2075 1371 2111 alma
1384 2075 1572 2123 liquenteis

430 2160 521 2202 Virg.

562 2228 648 2260 Tum
663 2236 748 2268 pater
761 2227 961 2267 omnipotens
976 2226 1128 2257 faecundis
1141 2225 1292 2257 imbribus
1305 2227 1410 2257 aether.

388 2306 520 2338 Tertull.
537 2304 671 2345 Apolog.
690 2314 715 2334 c.
735 2307 782 2334 lo.
807 2303 887 2339 Quis
904 2302 991 2333 enim
1006 2311 1072 2333 non
1097 2301 1220 2332 coelum
1241 2307 1274 2332 et
1296 2301 1429 2332 Terram
1450 2306 1585 2332 matrem
1607 2311 1643 2333 ac
1657 2308 1776 2343 patrem
1791 2314 1841 2335 ve-

348 2360 517 2395 uerationis
530 2365 562 2390 et
575 2359 702 2392 honoris
717 2358 816 2399 gratia
830 2355 984 2398 appellet?

493 2475 581 2504 1017
607 2465 825 2504 Consimilisz
850 2464 969 2501 verum
987 2465 1144 2512 positura
1159 2464 1387 2510 discrepitant
1401 2465 1472 2499 hoec

392 2551 433 2584 Ο.
451 2549 540 2582 codd.
558 2560 622 2588 rae;
644 2554 726 2579 recte
741 2547 794 2578 lib.
813 2546 881 2578 111.
897 2557 924 2577 v.
951 2549 1043 2577 1104.

494 2664 584 2694 1036
607 2656 707 2693 Nulli
721 2655 777 2699 (ut
793 2655 933 2703 opinor)
948 2655 999 2690 ita
1014 2654 1090 2690 haec
1106 2653 1240 2700 species
1255 2653 1413 2689 miranda
1427 2652 1562 2698 fuisset,

391 2732 457 2764 Nil.

497 2837 583 2867 1037
610 2831 718 2872 Quam
735 2829 815 2876 tibi5
830 2830 905 2878 jam
922 2839 1027 2866 nemo
1043 2827 1155 2866 fessus
1171 2825 1296 2864 satiate
1312 2825 1454 2863 videndi

393 2903 486 2934 Cum.
