1967 3314
491 224 827 274 RICARDI
875 221 1261 272 BENTLEII.
1534 224 1627 272 457

271 366 358 396 1127
383 359 430 395 Et
447 371 526 394 cum
540 344 718 405 spiranteis
734 358 854 394 mistas
870 357 953 393 hinc
970 356 1130 392 ducimus
1147 366 1260 398 auraS,

174 428 339 468 Spirantes.

270 545 284 572 1
295 545 359 573 180
382 537 570 582 Pestilitas‚
586 537 691 574 etiam
702 538 852 584 pecubus
866 534 1065 572 balantibus
1081 544 1204 580 aegror.

174 612 215 642 O.
232 621 259 643 c.
275 611 372 652 pigris
387 611 552 643 balatibus.
585 611 673 642 Illud
685 610 775 643 recte.
809 610 966 641 Pestilitas
980 608 1089 649 pigris,
1104 613 1136 638 et
1149 613 1206 638 etc.

271 728 360 756 1132
384 721 496 757 Nobis
511 723 663 764 adversa,
679 728 715 756 et
731 719 811 755 coeli
826 725 1001 755 mutemus
1022 717 1206 754 amictum:

173 795 270 826 MSS.
286 794 462 833 addiversa;
485 795 562 837 lege,
578 794 707 826 diversa.

271 911 286 938 1
296 911 359 939 133
384 903 443 939 An
459 904 586 939 coelum
602 903 704 939 nobis
719 903 813 938 ultro
830 909 956 938 natura
971 906 1145 937 cruentum

173 978 214 1008 O.
234 977 332 1009 MSS.
346 985 546 1019 corruptum3
569 979 654 1020 quod
671 985 717 1009 est
730 989 769 1009 ex
783 978 895 1020 glossa.
941 977 1042 1008 Po'e'ta
1055 974 1179 1016 scripsit
1193 975 1340 1011 alienum,
1355 982 1383 1004 v.
1401 972 1497 1011 1117,
1513 973 1606 1003 1122.

273 1098 361 1126 1166
388 1089 513 1124 Intima
523 1101 609 1136 pars
625 1088 760 1124 homini
775 1099 859 1123 vero
876 1087 1041 1135 flagrabat
1057 1085 1102 1121 ad
1119 1097 1217 1121 ossa:

172 1164 271 1206 Lege,
285 1164 394 1195 Intera
408 1174 488 1204 pars.
505 1164 544 1194 B.

274 1281 289 1308 1
299 1282 361 1310 169
386 1274 535 1309 Vertere
550 1272 587 1308 in
603 1273 778 1308 utilitatem
793 1272 839 1307 ad
852 1276 997 1308 ventum
1014 1276 1050 1305 et
1066 1269 1194 1315 frigora
1208 1279 1352 1314 semper,

175 1344 273 1385 Lege,

346 1421 481 1452 Vertere
495 1420 530 1450 in
544 1419 723 1450 utilitatem.
768 1417 823 1448 Ad
838 1423 969 1447 ventum
982 1422 1014 1447 et
1028 1416 1144 1456 frigore
1155 1414 1278 1454 partim.

276 1537 290 1564 1
300 1537 364 1565 186
389 1529 527 1565 Tenuia
545 1535 658 1575 sputa,
674 1527 821 1571 minuta,
837 1527 933 1562 croci
949 1527 1113 1561 contincta
1130 1523 1262 1566 colore,

180 1602 268 1634 Bene
283 1614 311 1635 o.
328 1603 426 1635 MSS.
441 1608 591 1634 contacta.

278 1720 365 1749 1193
389 1713 560 1759 Duraque
576 1711 765 1747 inhorrebat
782 1712 913 1753 rictum,
927 1708 1027 1744 frons
1042 1714 1142 1744 tenta
1157 1705 1326 1742 minebat:

178 1788 218 1818 Ο.
235 1788 334 1819 MSS.
348 1787 382 1818 in
396 1797 449 1818 ore
460 1787 568 1828 jacens
583 1786 674 1817 rictu.

278 1903 368 1932 1200
392 1896 468 1933 Aut
484 1896 589 1932 etiam
605 1895 726 1930 multus
742 1893 866 1940 capitis
883 1904 962 1928 cum
980 1903 1073 1939 saepe
1090 1891 1214 1926 dolore

180 1971 279 2012 Lego,
294 1970 397 2002 multo
412 1971 449 2001 B.

281 2086 369 2114 1202
395 2080 476 2114 Huc
491 2078 643 2114 hominis
660 2084 747 2113 totae
762 2077 853 2113 vires
868 2089 1054 2122 corpusque
1069 2075 1210 2110 fluebat.

180 2153 266 2192 Hac,
281 2155 389 2190 Faber,
405 2153 498 2185 recte.
545 2153 605 2184 Sed
616 2154 694 2183 heus
707 2159 755 2191 tu,
770 2162 812 2183 an
826 2157 930 2183 totum
944 2161 1058 2191 corpus
1072 2149 1189 2180 fluebat
1203 2158 1257 2189 per
1272 2144 1382 2178 nares?
1403 2145 1428 2176 ὦ
1446 2155 1543 2177 vtomz:
1565 2151 1637 2174 meo

137 2208 277 2248 periculo
291 2209 401 2247 scribe,

538 2283 618 2313 vires
632 2288 664 2313 et
678 2283 741 2313 vita
755 2282 879 2313 fluebat.

182 2359 322 2391 Ennius:

354 2435 448 2465 Vires
462 2434 585 2476 vitaque
600 2443 712 2474 corpus
725 2444 835 2464 meum
846 2438 923 2464 tunc
938 2432 1053 2464 deserit
1067 2442 1170 2463 omne.

283 2551 372 2579 1210
395 2544 607 2590 Usqueadeo
624 2543 748 2579 mortis
764 2550 878 2579 metus
893 2544 943 2578 his
957 2545 1136 2578 incesserat
1151 2552 1244 2578 acer.

187 2619 225 2654 Q.
243 2618 340 2649 MSS.
357 2618 544 2656 incusserat3
566 2617 631 2656 alii,
647 2618 810 2648 invaserat.
842 2617 948 2648 Caecil.
963 2616 1068 2648 Tanta
1089 2616 1164 2647 huic
1178 2614 1292 2646 invasit
1305 2612 1339 2645 in
1353 2612 1446 2646 corda
1462 2609 1644 2644 Indulcitaffi

285 2732 372 2760 1218
398 2725 633 2772 Comparebat
651 2725 736 2768 avis,
755 2737 821 2761 nec
840 2726 985 2761 noctibus
1000 2724 1105 2762 saecla
1120 2723 1270 2761 ferarum

187 2798 285 2829 MSS.
300 2797 410 2830 noctis.
425 2797 496 2830 vide
510 2798 564 2830 lib.
583 2799 643 2830 IV.
659 2810 685 2831 v.
703 2802 774 2832 714.

230 2880 313 2911 Vot..
331 2880 390 2913 IV.
869 2882 889 2909 5
904 2880 943 2911 Μ
