1967 3314
581 239 797 288 LIBRI
838 237 1158 295 QUARTI.
1553 246 1639 285 281

1389 396 1431 415 Ex
1442 396 1605 418 TYPOGRA-

1153 452 1264 473 ALDUS.
1338 461 1347 465 ⁴
1365 449 1440 469 enm
1456 449 1634 471 soCIETAns

1404 499 1595 523 BlroNTINAE.

1432 548 1583 614 Bima
1604 548 1626 550 -

260 452 460 475 rzznArmus.

575 473 711 495 PERGER.
810 475 1046 496 RAGAZONIBUS.

1137 576 1288 607 xVenetiie.

891 668 976 697 1495.
1162 673 1165 676 ⁴
1172 670 1256 696 1500.
1461 669 1475 695 l
1480 669 1545 699 782.

527 767 622 796 equus
813 764 907 793 equus
1097 766 1190 794 equus
1382 765 1476 794 equus

528 806 647 836 adhesit
813 803 932 833 adhesit
1098 805 1227 835 adhaesit
1385 805 1512 834 obhaesit

529 861 646 896 raptum
814 859 930 894 raptum
1099 855 1206 894 raptim
1384 854 1491 894 raptim

530 916 565 935 ac
581 907 670 936 simili
815 915 850 934 ac
866 904 955 934 simili
1100 905 1155 934 hac
1172 905 1260 935 simili
1385 903 1513 933 adsimili

531 955 629 994 equali
816 953 915 993 equali
1103 955 1212 993 aequali
1385 953 1494 993 aequali

532 1003 613 1034 dictu
817 1004 899 1033 dictu
1102 1004 1192 1034 ductu
1386 1003 1476 1032 ductu

250 1051 454 1091 inperpetuum
532 1054 744 1094 imperpetuum
817 1053 1030 1093 imperpetuum
1102 1054 1314 1094 imperpetuum
1386 1052 1416 1081 in
1429 1056 1602 1092 perpetuum

250 1101 354 1141 ingens
532 1104 638 1144 ingens
816 1104 922 1143 ingens
1098 1103 1230 1143 jungens
1383 1102 1512 1141 jungens

251 1149 324 1179 levis
533 1154 606 1184 levis
819 1152 892 1182 levis
1104 1153 1178 1183 levis
1388 1149 1469 1179 laeViS

253 1201 356 1230 Donec
369 1200 400 1230 in
535 1204 638 1233 Donec
652 1204 682 1232 in
820 1202 923 1231 Donec
936 1203 966 1231 in
1105 1203 1196 1233 donec
1209 1203 1243 1232 in
1389 1200 1536 1229 Donicum

820 1262 959 1280 cacumen
1104 1264 1226 1283 acumen
1389 1260 1511 1279 acumen

820 1306 851 1329 et
1105 1302 1185 1331 deest
1390 1298 1470 1328 deest

249 1348 371 1378 tendere
535 1352 712 1381 contendere
821 1348 998 1379 contendere
1104 1351 1226 1380 tendere
1390 1347 1514 1376 condere

250 1398 299 1428 ubi
534 1402 584 1431 ubi
821 1399 871 1427 ubi
1105 1400 1146 1429 ibi
1392 1397 1441 1426 ubi

252 1448 325 1478 nihil
535 1452 608 1482 nihil
822 1447 895 1476 nihil
1106 1449 1148 1479 nil
1392 1446 1434 1476 nil

253 1499 406 1538 celumque
535 1502 698 1541 caelumque
822 1498 982 1537 caelumque
1108 1499 1268 1539 caelumque
1393 1496 1555 1535 coelumque

253 1549 358 1578 clauda
535 1551 641 1581 clauda
822 1548 928 1577 clauda
1109 1549 1210 1578 clausa
1393 1547 1499 1577 clauda

254 1597 388 1638 Navigia
538 1600 674 1640 Navigia
824 1595 947 1636 Naviga
1111 1598 1244 1638 Navigia
1395 1596 1528 1636 Navigia

254 1658 272 1676 a
285 1647 426 1687 plaustris
538 1661 556 1679 a
569 1649 692 1689 plastris
824 1656 842 1674 a
855 1646 978 1685 plustris
1110 1646 1251 1686 aplustris
1393 1645 1535 1684 aplustris

253 1696 349 1726 factas
538 1699 634 1729 factas
824 1695 920 1725 factas
1112 1696 1213 1726 fractis
1394 1694 1496 1724 fractis

255 1745 384 1774 obnicies
538 1749 664 1779 obnities
825 1745 952 1775 obnities
1111 1746 1236 1775 obnitier
1395 1744 1521 1774 obnitier

255 1795 348 1824 undas
539 1800 633 1829 undas
826 1795 920 1824 undas
1112 1796 1197 1825 undis
1396 1795 1482 1825 undis

256 1855 429 1884 quecunque
539 1859 712 1889 quecunque
826 1854 1006 1884 quaecunque
1114 1855 1297 1884 quaecunque
1397 1853 1580 1883 quaeounque

255 1900 338 1925 recta
346 1899 397 1924 est
540 1904 621 1929 tecta
635 1903 683 1928 est
826 1900 907 1924 tecta
920 1899 968 1924 est
1112 1900 1223 1924 rectast
1401 1892 1523 1922 recta’st

255 1955 381 1985 superne
541 1958 669 1988 superna
826 1955 954 1985 superna
1113 1955 1240 1984 superna
1397 1951 1522 1981 superne

255 1994 388 2034 guberna
826 1996 959 2035 guberna
1112 1996 1259 2035 gubernat
1396 1991 1529 2031 guberna

255 2043 332 2076 Quae
826 2045 901 2078 Quae
1114 2045 1189 2079 Quae
1399 2042 1475 2076 Quae

255 2093 389 2122 demersa
827 2094 945 2124 diversa
1113 2095 1248 2123 demersa
1393 2091 1532 2120 demersa

256 2142 383 2172 refracta
543 2145 658 2175 resacta
828 2143 943 2173 refacta
1116 2146 1244 2175 refracta
1398 2141 1525 2170 refracta

256 2203 431 2232 sursumque
543 2205 658 2225 sursum
672 2205 729 2233 que
829 2203 1025 2233 sursumquae
1115 2204 1288 2234 sursumque
1400 2199 1573 2228 sursumque

257 2243 368 2272 reflexa
544 2245 621 2275 flexa
829 2243 906 2273 flexa
1116 2244 1193 2273 flexa
1400 2239 1508 2268 reflexa

258 2293 288 2322 in
544 2295 574 2323 in
830 2294 860 2322 in
1110 2295 1174 2333 jam
1401 2290 1430 2318 in

257 2340 374 2371 fluitare
545 2345 678 2375 flavitare
831 2343 965 2373 flavitare
1116 2343 1231 2372 fluitare
1402 2339 1516 2368 fluitare

261 2390 343 2419 Rara
547 2394 627 2423 Nam
641 2405 699 2434 que
832 2392 912 2421 Nam
926 2402 992 2431 quae
1118 2393 1256 2431 Raraque
1403 2389 1541 2427 Raraque

260 2439 366 2469 caelum
547 2443 649 2472 caelum
831 2441 933 2471 caelum
1117 2441 1220 2470 coelum
1402 2438 1505 2467 coelum

259 2494 322 2518 tum
547 2502 615 2530 qum
833 2500 902 2529 qum
1117 2500 1183 2519 cum
1402 2498 1468 2517 cum

259 2549 325 2567 cum
547 2551 616 2579 qum
833 2551 901 2579 qum
1119 2545 1181 2568 tum
1404 2542 1465 2566 tum

263 2588 371 2617 Lavier
549 2590 657 2620 Lavier
835 2590 944 2619 Lavier
1120 2589 1229 2618 Labier
1406 2587 1515 2616 Labier

262 2639 392 2678 mymbos
548 2640 671 2679 nymbus
833 2640 955 2679 nymbos
1119 2639 1232 2668 nimbos
1406 2637 1508 2666 nubeis

261 2694 293 2717 at
310 2698 406 2727 quaere
549 2695 580 2719 at
593 2699 690 2729 quaere
834 2696 866 2718 at
883 2699 980 2728 quaere
1119 2693 1208 2728 atque
1220 2688 1262 2718 ire
1406 2692 1495 2726 atque
1510 2687 1553 2715 ire

262 2749 389 2778 superne
549 2748 685 2778 supernae
835 2749 969 2778 supernae
1120 2749 1246 2778 superne
1407 2747 1532 2778 superne

263 2799 348 2828 aquae
549 2798 633 2827 aquae
835 2798 923 2827 aquae
1121 2798 1207 2827 quam
1223 2797 1282 2826 quo
1407 2797 1494 2826 quam
1507 2796 1566 2826 quo

261 2838 287 2867 si
549 2848 582 2866 se
837 2848 869 2866 se
1121 2837 1147 2867 si
1408 2836 1434 2866 si

262 2888 365 2918 subter
550 2887 663 2917 subiter
836 2887 948 2916 subiter
1122 2887 1225 2917 subter
1407 2887 1512 2916 subter

286 2950 369 2979 VoL.
388 2949 432 2979 II.
860 2949 892 2979 N
908 2959 928 2978 n
