1967 3314
478 210 817 261 RICARDI
863 210 1248 263 BENTLEII.
1520 223 1613 269 437

481 343 660 375 Philomela

330 396 402 427 Flet
416 405 554 437 noctem,
571 409 720 440 ramoque
735 399 846 430 sedens
860 399 1037 431 miserabile
1053 409 1180 432 carmen

335 451 489 493 Integrat.

281 555 349 583 995
372 549 525 595 Degere,
542 562 636 597 saepe
652 551 764 586 levem
782 563 827 586 ex
844 551 970 594 oculis,
985 551 1234 597 volucremque
1252 563 1413 598 soporem

370 612 573 657 Discutere,
589 621 625 649 et
642 626 769 660 corpus
787 615 831 649 de
849 620 941 648 terra
958 613 1140 659 conripere
1155 614 1299 658 instant,

160 687 277 719 Versus
292 687 454 724 Lambini,
476 688 530 728 qui
546 688 714 726 delendus3
738 694 769 718 et
784 687 843 729 leg.
866 690 902 720 de
916 699 1030 727 somno,
1053 694 1089 719 ut
1103 688 1155 720 lib.
1172 689 1241 720 III.
1259 700 1285 721 v.
1302 693 1373 722 164.
1397 687 1510 732 (Soii'o,
1533 693 1610 731 Solo,

112 743 189 774 inde
203 750 285 775 terra
300 752 338 773 ex
354 741 482 782 glossa.)

258 847 348 875 1046
374 839 454 875 Sive
465 852 557 885 puer
574 841 725 874 membris
742 841 951 876 muliebribus
966 841 1059 876 hunc
1072 842 1261 888 jaculatur,

156 909 335 941 Ausonius:

327 996 418 1026 Dum
432 995 557 1025 dubitat
571 1000 684 1026 natura
699 1005 833 1034 marem,
848 995 1004 1027 faceretne
1018 996 1168 1036 puellam,

370 1051 486 1080 Factus
500 1061 540 1086 es,
556 1060 574 1080 ο
589 1050 728 1090 pulcher,
745 1061 826 1089 pene
840 1051 946 1090 puella
959 1061 1047 1091 puer.

154 1124 311 1156 Horatius
328 1124 368 1155 de
386 1126 491 1166 Gyge:

326 1201 432 1237 Quem
447 1200 472 1230 si
487 1200 665 1240 puellarum
680 1201 832 1232 insereres
846 1203 940 1232 choro

325 1255 412 1285 Mire
426 1265 551 1296 sagaces
566 1255 685 1286 falleret
701 1256 838 1295 hospites

365 1310 549 1340 Discrimen
565 1311 734 1340 obscurum
748 1310 858 1341 solutis

410 1364 558 1394 Crinibus
574 1365 785 1404 ambiguoque
797 1365 898 1395 vultu.

150 1452 225 1483 Hoc
238 1449 324 1483 idem
337 1450 377 1482 de
393 1451 519 1482 Achille
533 1451 672 1492 produnt
686 1451 771 1492 apud
786 1452 844 1483 ins.
891 1452 1023 1492 Scyrum
1038 1452 1162 1484 latente.
1207 1453 1306 1484 Bion:

323 1545 392 1574 Πως
410 1553 477 1574 παις
495 1541 598 1571 ἕσσατο
614 1547 712 1583 Φωξος,
729 1540 798 1573 ὅκως
815 1538 841 1569 δε
859 1541 997 1579 ἒγευσατο
1009 1548 1129 1583 μορφοπ

105 1617 160 1648 ubi
171 1616 377 1656 conspicuum
392 1616 455 1656 legi
470 1622 619 1655 opertere,
642 1615 665 1646 δ’
683 1617 846 1654 ἐψευσατο.·
871 1616 957 1657 quod
978 1617 1097 1648 mirum
1117 1628 1136 1648 a
1152 1617 1279 1649 nemine
1294 1619 1445 1650 hactenus
1459 1619 1601 1652 animad-

108 1681 232 1702 versum
248 1671 352 1702 fuisse.
399 1670 462 1701 Sed
476 1670 561 1701 idem
577 1676 738 1701 notaverat
755 1671 796 1701 Is.
815 1671 947 1702 Casaub.
964 1672 1061 1702 MSS.

248 1778 336 1807 1053
364 1773 509 1807 stillavit
524 1779 634 1818 gutta,
651 1779 687 1808 et
705 1773 872 1809 successit
876 1774 1013 1821 frig-ida
1027 1785 1122 1812 cura.

146 1841 318 1882 Euripides
334 1841 520 1882 Hippolitus
536 1846 609 1873 526.

317 1921 419 1964 Ἐξως,
438 1923 510 1964 ἔρως,
527 1922 539 1951 ὅ
556 1922 625 1952 κατ’
641 1922 780 1961 ὄμματων

316 1977 440 2016 Σταζεις
457 1978 547 2015 παύου,
564 1977 686 2016 εἷσαγων
701 1983 841 2015 ’γλυκειαν

315 2037 416 2071 Ψυχᾳ
431 2044 527 2073 χαριν.

146 2106 229 2138 Ibid.
242 2105 384 2148 frigidm
411 2107 510 2138 MSS.
525 2106 642 2138 fervida
656 2107 747 2138 recte.
787 2107 810 2138 J
811 2107 959 2138 uvenalis.

317 2182 387 2213 Nec
402 2183 538 2214 Veneris
549 2184 700 2223 pharetris
714 2193 820 2215 macer
834 2190 892 2224 est,
907 2188 964 2215 aut
974 2182 1118 2224 lampade
1130 2183 1237 2216 fervet.

149 2258 287 2298 Sapphot

415 2335 451 2366 ἐν
466 2335 494 2367 δε
510 2343 617 2367 &sorrow

316 2403 426 2421 oevwxoe
442 2404 507 2433 χξω
520 2404 576 2434 'tue
589 2388 810 2433 ὑπ’θδξδξθμακξ,

143 2467 300 2499 Tibullus:

319 2546 371 2576 Ne
385 2545 441 2576 tibi
459 2546 529 2582 sim,
545 2555 618 2576 mea
631 2545 698 2584 lux,
714 2556 803 2587 aeque
814 2551 880 2577 tam
894 2545 1014 2578 fervida
1028 2558 1111 2579 cura.

145 2636 166 2667 i.
182 2646 207 2667 e.
230 2646 272 2666 ne
285 2636 328 2666 ita
343 2645 438 2666 amer.
483 2636 577 2674 Haec,
593 2635 694 2673 credo,
710 2635 875 2676 desumpta
889 2647 928 2668 ex
942 2637 1073 2678 Epicuri
1089 2649 1148 2680 περι
1163 2639 1269 2681 ἔρωτος.

247 2745 336 2773 1064
360 2737 618 2784 Volgivagaque
633 2750 739 2784 vagus
756 2739 893 2773 Venere
910 2746 992 2775 ante
1007 2740 1162 2776 recentia
1177 2751 1290 2784 cures,

146 2806 329 2847 Propertius
346 2808 374 2838 Ι.
396 2811 442 2838 15.

318 2874 400 2904 Haec
415 2873 470 2904 tibi
487 2876 624 2914 vulgares
639 2874 715 2905 istos
729 2880 903 2914 compescet
913 2884 1041 2905 amores.
