1967 3314
333 473 509 496 rERRANDU
514 476 536 496 S.
564 488 566 492 .

367 599 496 630 Braxioe,

329 690 402 720 Sine
414 692 512 722 Anno.

681 259 899 310 LIBRI
947 256 1236 308 TERTII.

642 488 783 518 'Peneum

656 604 783 632 Veronae.

677 689 762 717 1486.

581 443 703 478 Faunus
714 443 849 463 mumm-
872 442 1067 463 Tflzononus
1080 442 1122 462 DE

881 496 1088 516 RAGAZONBU
1093 496 1116 515 S.

932 597 1071 629 Venetiz‘s.

1228 469 1341 490 ALDUS.

1215 591 1353 622 Veneriis.

1614 259 1708 300 259

1459 415 1498 434 EX
1507 415 1671 435 TYPOGRA-

1432 467 1508 487 Pau
1523 467 1702 489 socnz'rAns

1470 520 1665 541 mroanAE.

1500 588 1543 618 Bi
1540 600 1599 629 pon
1603 589 1633 620 ti.

1530 682 1616 711 1782.

196 747 848 758 —————·-————————-—
868 744 1699 756 ———————-—-———

215 785 269 814 911

215 834 273 862 914

215 981 271 1011 915

215 1080 272 1110 91'7

214 1131 271 1160 918

214 1328 249 1356 91
254 1328 271 1356 9

214 1376 272 1405 920

213 1476 272 1505 922

216 1674 273 1702 923

216 1723 272 1751 925

216 1823 274 1850 927

183 1909 185 1911 ι
217 1872 274 1900 950

216 1973 270 2001 931

215 2022 272 2050 932

215 2071 273 2101 933

215 2171 272 2201 935

215 2221 273 2250 938

216 2319 274 2348 939

217 2368 272 2396 941

218 2417 275 2446 942

218 2568 274 2596 945

218 2614 275 2646 946

217 2715 275 2744 947

217 2814 275 2844 948

319 777 410 807 demit

319 837 416 857 rerum
428 837 516 869 super
529 827 575 857 in-

352 877 394 907 sit

320 931 351 956 et

320 977 394 1006 bene

319 1027 346 1056 si

320 1077 380 1106 leto

319 1130 455 1165 superest

319 1177 433 1206 cunctis

319 1227 451 1265 privatus

320 1286 398 1315 aeger

313 1323 489 1353 cinefactum

320 1372 535 1401 Insatiabiliter

320 1422 356 1451 de
365 1421 496 1451 flebimus

319 1472 356 1501 ab

320 1522 498 1562 querendum
509 1526 556 1552 est

321 1571 398 1610 quod

321 1621 361 1649 sit

322 1670 490 1709 Tantopere

324 1720 392 1748 Hoc

321 1769 494 1799 discubuere

321 1818 427 1847 fluctus

322 1867 418 1897 arrida

320 1922 416 1948 tor-rat

321 1968 386 1997 aliae

320 2015 449 2055 requiret

322 2066 395 2096 Cum

319 2115 475 2154 quiescant

320 2165 415 2205 adigit

323 2215 397 2244 Cum

321 2265 434 2305 colligit

322 2315 483 2353 putandum
497 2319 544 2345 est

322 2363 458 2393 materiai*

323 2412 382 2442 leto

322 2466 407 2491 extat

322 2517 447 2551 sequuta

321 2561 410 2591 alicui

321 2616 474 2652 tantopere
492 2616 540 2642 est

321 2662 401 2702 egris

322 2711 469 2751 congemis

321 2771 357 2790 ae

321 2810 402 2839 deest

320 2864 438 2899 gratum

319 2909 335 2938 f
334 2909 377 2940 uit

602 777 694 808 demit

601 839 699 858 rerum
712 837 802 869 super
812 826 857 856 in-

635 878 677 908 sit

603 932 635 958 et
653 940 659 946 ι

604 979 677 1008 bene

603 1038 636 1057 se

601 1077 663 1107 leto

604 1137 692 1166 super
705 1130 753 1157 est

602 1176 703 1206 condis

602 1226 726 1266 privatis

603 1285 681 1314 aeger

603 1324 739 1354 cinefacti

604 1372 820 1402 Insaciabiliter

602 1422 772 1452 deflebimus

603 1472 640 1501 ob

602 1521 812 1562 querendumst

602 1571 681 1610 quod

603 1620 647 1649 sic

605 1668 704 1698 Tanto
715 1679 803 1708 opere

606 1719 672 1748 Nec

603 1768 778 1798 distribuere

603 1821 709 1850 fluctus

604 1871 687 1900 arida

604 1924 699 1950 tor-rat

604 1970 661 2000 alie

605 2366 737 2395 materiei

605 2416 665 2445 leto

606 2469 690 2494 extat

606 2518 732 2552 sequuta

606 2561 694 2591 alicui

605 2615 690 2640 tanto
703 2621 790 2651 opere
803 2617 850 2641 est

605 2660 685 2699 egris

606 2720 754 2750 cong-enus

606 2764 638 2788 ct

603 2809 684 2838 deest

605 2863 721 2897 gratum

603 2908 661 2938 fuit

962 692 1046 720 1495.
1245 686 1331 713 1500.

885 777 977 808 demit
1169 774 1278 804 ademit

885 838 981 857 rerum
994 837 1082 867 super
1095 827 1139 857 in.
1167 833 1264 853 terum
1276 832 1365 862 super
1378 821 1421 851 in-

916 876 956 906 sit
1200 873 1278 903 sidet

885 930 917 956 et
1168 923 1247 952 deest

884 976 958 1005 bene
1168 975 1242 1004 bone

884 1034 918 1054 se
1171 1024 1198 1053 si

885 1075 944 1104 leto
1167 1073 1227 1102 leto

884 1135 972 1164 super
984 1129 1032 1154 est
1167 1125 1302 1161 superaet

885 1175 978 1204 conde
1167 1170 1280 1201 cunctis

885 1224 1010 1264 privatis
1167 1221 1300 1260 privatus

886 1283 964 1313 aeger
1169 1270 1256 1310 aeg‘ris

885 1322 1037 1353 temefacti
1169 1318 1345 1348 cinefactum

886 1370 1104 1401 Insaciabiliter
1170 1367 1383 1398 Insatiabiliter

885 1421 1055 1452 deflebimus
1168 1416 1338 1447 deflebimus

885 1472 924 1501 ob
1170 1467 1207 1496 ob

887 1520 1096 1562 querendumst
1170 1516 1387 1556 quaerendumst

888 1571 966 1611 quod
1171 1566 1242 1606 quid

887 1621 931 1650 sio
1171 1620 1212 1645 sit

887 1672 987 1701 Tanto
999 1681 1086 1711 opere
1172 1666 1341 1705 Tantopere

889 1723 955 1752 Nec
1171 1716 1237 1744 haec

887 1772 1061 1802 distribuere
1170 1765 1342 1795 discubuere

887 1821 1001 1851 fructus
1170 1815 1284 1844 fructus

889 1870 972 1899 arida
1170 1865 1254 1894 arida

887 1923 983 1949 torrat
1171 1919 1265 1943 torrat

887 1969 944 1999 alie
1169 1964 1235 1993 aliae

887 2018 1016 2061 requiret
1169 2014 1299 2053 requiret

886 2070 964 2104 Qum
1170 2064 1243 2093 Cum

886 2118 1042 2157 quiescunt
1170 2113 1325 2152 quiescunt

888 2167 974 2207 idigit
1169 2162 1271 2202 attigit

885 2217 964 2251 Qum
1170 2223 1236 2242 cum

887 2267 1001 2306 colligit
1171 2262 1284 2302 colligit

888 2316 1079 2356 putandumst
1170 2312 1362 2351 putandumst

889 2365 1021 2394 materici
1172 2361 1308 2390 materiai*

888 2414 948 2443 leto
1172 2411 1232 2441 leto

889 2467 975 2492 extat
1171 2464 1258 2489 extat

889 2516 1014 2551 sequuta
1173 2514 1298 2548 sequuta

888 2562 977 2592 alicui
1172 2558 1260 2588 alicui

887 2617 973 2642 tanto
985 2622 1073 2652 opere
1087 2616 1134 2641 est
1171 2614 1326 2649 tantopere
1339 2613 1386 2639 est

889 2662 969 2702 egris
1174 2659 1264 2700 aegris

890 2710 1023 2750 cong-eris
1174 2709 1322 2749 congemis

890 2765 922 2789 et
1173 2764 1205 2789 et

890 2808 971 2838 deest
1173 2808 1253 2837 deest

889 2858 968 2898 grati
1174 2863 1262 2898 grata

889 2907 948 2937 fuit
1173 2906 1258 2938 fluxit

1449 767 1559 796 ademit

1449 816 1557 846 insidet
1571 827 1666 847 rerum

1481 865 1601 905 insuper

1451 1125 1588 1155 superest

1451 1165 1564 1194 cunctis

1451 1213 1578 1252 privatu'

1451 1263 1538 1302 aegris

1451 1311 1627 1342 cinefactum

1453 1362 1667 1391 Insatiabiliter

1452 1411 1620 1440 deflebimus

1451 1462 1489 1490 ab

1453 1511 1683 1550 quaerendum’st

1453 1561 1523 1600 quid

1451 1612 1493 1640 sit

1454 1661 1622 1700 Tantopere

1456 1712 1524 1740 Hoc

1453 1759 1626 1790 discubuere

1413 1851 1417 1854 .
1452 1809 1566 1839 fructus

1453 1861 1536 1890 arida

1453 1915 1566 1941 torreat

1453 1960 1519 1990 aliae

1453 2011 1578 2050 requirit

1457 2062 1531 2091 Cum

1453 2111 1609 2151 quiescunt

1453 2162 1562 2200 adtigit

1453 2211 1533 2246 Quin

1453 2261 1577 2301 conligit

1453 2311 1615 2351 putandum

1454 2362 1590 2391 materiai·

1454 2412 1535 2441 letho

1454 2465 1556 2490 exstat

1454 2514 1557 2539 secuta

1455 2558 1565 2598 aliquoi

1455 2607 1650 2648 tantopere'st

1456 2659 1544 2699 aeg‘ris

1456 2708 1604 2749 congemis

1457 2770 1492 2789 ac

1458 2810 1484 2840 si

1458 2864 1544 2899 grata

1457 2909 1514 2939 fuit
