1967 3314
345 281 441 323 206
640 274 1095 323 VARIANTES
1144 275 1586 327 LECTIONES

1606 385 1617 399 s

1611 439 1652 458 Ex
1664 438 1829 460 TYPOGRA-

1333 519 1339 523 ψ
1377 492 1490 512 ALDUS.
1586 493 1663 513 PfflA
1680 493 1862 514 socunwns

734 456 856 476 PAULUS
869 455 1002 476 FRlnEN-
1029 455 1219 477 Tur—:ononcs
1235 457 1275 476 DE

803 509 939 531 PERGER.

487 488 569 508 *³1:118
575 489 688 509 Axncs.

1031 510 1265 532 RAGAZONIBUS.

1628 547 1823 567 mroN'rlNAE.

1087 616 1223 647 Veneziis.
1374 617 1513 649 Venetiis.
1656 617 1700 647 Bi
1696 617 1790 658 ponti.

519 613 645 643 Brixiae.

495 701 568 730 Sine
581 702 678 732 Anno.
830 703 914 732 1486.
1114 709 1198 738 1495.
1401 711 1485 737 1500.
1682 709 1765 738 1782.

468 782 543 816 Aut,
559 782 628 820 quia
639 783 722 811 nimi·
750 784 813 811 Aut
833 782 928 822 magis
941 782 994 812 ha·
1034 785 1099 814 Aut
1119 783 1213 824 magis
1227 784 1280 813 ha·
1322 787 1397 820 Aut,
1411 785 1482 824 quia
1495 775 1586 814 nimi-¹
1606 785 1681 818 Aut,
1695 783 1767 822 quia
1779 783 1865 814 nimi-

494 842 555 860 rum
566 832 722 872 majoribus
781 831 868 860 matis
882 831 958 861 inter
974 843 1007 862 se
1066 835 1155 864 matis
1169 834 1245 863 inter
1259 844 1292 863 se
1346 845 1408 863 rum
1420 835 1578 874 majoribus
1631 842 1695 861 rum
1706 833 1866 873 majoribus

489 886 535 910 est
553 881 706 909 elementis
782 880 900 919 plicatis
1066 882 1186 923 plicatis
1346 888 1393 912 est
1406 883 1559 912 elementis
1632 884 1680 910 est
1689 880 1842 912 elementis

468 930 529 959 Aut
543 930 637 969 magis
651 931 703 959 ha·
752 930 826 965 Aut,
841 930 911 969 quia
923 930 1007 960 nimi·
1035 934 1110 968 Aut,
1125 933 1195 971 quia
1208 933 1292 962 nimi·
1321 933 1384 961 Aut
1397 933 1492 971 magis
1507 934 1560 962 ha-
1606 931 1671 960 Aut
1683 931 1778 971 magis
1792 932 1845 961 ha-

486 979 574 1008 matis
597 980 674 1010 inter
689 992 722 1011 se
777 989 839 1008 rum
849 979 1007 1020 majoribus
1061 992 1124 1011 rum
1133 982 1290 1022 majoribus
1339 981 1426 1010 matis
1451 982 1527 1011 inter
1547 993 1579 1012 se
1624 979 1713 1010 matis
1734 979 1812 1010 inter
1831 991 1864 1010 se

485 1038 594 1066 perque
604 1029 720 1069 plicatis
771 1033 819 1057 est
832 1028 983 1059 clementis
1061 1036 1108 1060 est
1119 1031 1272 1062 elementis
1340 1041 1450 1070 perque
1461 1031 1578 1071 plicatis
1625 1039 1736 1068 perque
1747 1029 1858 1069 plicam

465 1075 582 1116 plicatis
750 1077 873 1117 plicates
1033 1079 1158 1119 plicates
1320 1074 1441 1120 plicatis'
1606 1077 1725 1118 plicatis

466 1130 526 1156 tam
747 1127 827 1158 deest
1033 1128 1113 1158 deest
1319 1133 1380 1160 tam
1605 1132 1667 1157 tam

465 1175 584 1206 diducta
749 1177 876 1208 deducta
1032 1177 1160 1207 deducta
1321 1178 1448 1209 deducta
1605 1177 1732 1207 deducta

466 1235 588 1264 quaeque
749 1237 863 1266 queque
1033 1238 1148 1267 queque
1321 1238 1447 1268 quaeque
1606 1235 1729 1265 quaeque

465 1274 485 1303 J
488 1275 603 1304 ucundo
748 1277 884 1307 Jocundo
1033 1277 1052 1306 J
1056 1277 1169 1306 ocondo
1315 1278 1445 1318 jocundo
1607 1276 1627 1304 J
1630 1275 1745 1306 ucuudo

466 1323 576 1364 linguae
750 1327 867 1367 lenguae
1034 1327 1148 1367 lenguae
1322 1327 1430 1368 linguae
1606 1324 1724 1366 linguai,

465 1376 544 1402 tetra
749 1381 827 1406 tetra
1034 1382 1115 1406 terra
1321 1383 1399 1408 tetra
1606 1380 1692 1404 taetffi

750 1426 858 1456 absinti
1034 1426 1143 1456 absinti
1322 1429 1474 1468 absynthii
1605 1424 1737 1454 absinthi

750 1475 871 1505 fecimus
1035 1475 1156 1506 fecimus
1321 1478 1432 1518 serique
1604 1475 1716 1515 ferique
1769 1497 1776 1502 „

465 1422 595 1453 absinthi

465 1472 579 1513 serique

465 1532 610 1562 agnoscas

465 1573 578 1603 levibus

464 1633 529 1662 quae

458 1673 596 1712 jucunde.

464 1733 529 1761 quae

467 1772 541 1801 Haec

466 1821 687 1861 Proptereaquc

465 1871 580 1901 levibus

465 1927 581 1952 musata

465 1972 538 2001 mele

464 2021 568 2050 cordas

750 1524 887 1564 agnoscis
1034 1526 1171 1565 agnoscis
1321 1538 1465 1568 agnoscas
1605 1535 1751 1564 agnoscas

750 1573 863 1602 levibus
1035 1574 1148 1605 levibus
1322 1576 1435 1606 levibus
1606 1575 1726 1605 laevibus

750 1633 807 1662 que
1035 1636 1091 1664 que
1322 1636 1387 1664 quae
1605 1634 1670 1662 quae

744 1671 873 1711 ,iocunde
1029 1676 1158 1715 jocunde
1317 1675 1446 1714 jocunde
1599 1673 1730 1713 jucunde

750 1732 807 1760 que
1034 1736 1092 1763 que
1323 1735 1390 1764 quae
1605 1733 1671 1762 quae

752 1771 819 1800 Hec
1036 1775 1102 1803 Hec
1325 1775 1403 1804 Haec
1608 1773 1687 1809 Haec

752 1821 958 1861 Praetereaque
1035 1824 1242 1865 Praetereaque
1322 1831 1520 1865 praetereaque
1607 1822 1632 1852 Ρ
1634 1827 1827 1863 roptereaque

750 1870 862 1900 levibus
1034 1874 1147 1905 levibus
1322 1874 1434 1904 levibus
1605 1872 1726 1902 laevibus

750 1931 841 1951 musae
1033 1934 1127 1954 musae
1323 1923 1440 1954 Musaea
1606 1921 1724 1952 Musaea

749 1970 824 2000 mele
1033 1973 1119 2002 melle
1320 1973 1395 2002 mele
1605 1971 1679 2001 mele

749 2021 853 2050 cordas
1033 2022 1137 2053 cordas
1321 2022 1447 2052 chordas
1603 2021 1729 2051 chordas

749 2071 948 2111 organicaque
1033 2073 1231 2112 organicaque
1319 2072 1450 2112 organici
1464 2083 1529 2111 quze
1603 2071 1733 2111 organici
1747 2082 1812 2110 quae

750 2121 908 2151 Nobilibus
1035 2121 1194 2151 Nobilibus
1320 2122 1465 2152 nobilibus
1604 2120 1767 2150 Mobilibus

749 2171 899 2211 penetrale
1034 2172 1184 2210 penetrale
1318 2177 1472 2211 penetrare
1602 2175 1757 2210 penetrare

749 2231 835 2251 nares
1034 2230 1118 2249 nares
1320 2231 1406 2250 nares
1602 2220 1699 2249 nareis

463 2071 594 2111 organici
609 2082 673 2111 quae

466 2121 623 2151 Nobilibus

464 2177 618 2212 penetrare

464 2231 549 2251 nares

464 2283 530 2301 cum

465 2326 542 2351 tetra

464 2375 578 2401 torrent

452 2431 530 2450 »cum

465 2469 587 2499 exhalat

467 2520 676 2560 compungiunt

467 2570 675 2610 lacrimareque

466 2621 562 2660 spetie

467 2670 531 2700 caeli

467 2730 535 2759 quae

466 2780 581 2809 cunque

748 2281 817 2309 qum
1030 2280 1100 2307 qum
1317 2282 1381 2300 cum
1601 2280 1667 2298 cum

748 2328 827 2349 terra
1033 2324 1110 2348 tetra
1318 2327 1395 2350 tetra
1601 2325 1688 2349 taetra

747 2375 862 2400 corrent
1033 2374 1149 2399 corrent
1317 2376 1429 2400 torrent
1601 2374 1714 2399 torrent

749 2432 817 2460 qum
1033 2430 1100 2459 qum
1317 2432 1381 2450 cum
1600 2430 1665 2449 cum

750 2470 849 2500 exalat
1033 2468 1133 2498 exulat
1317 2470 1438 2499 exhalat
1599 2469 1721 2499 exhalat

750 2521 961 2562 compungiunt
1034 2529 1095 2548 com
1098 2530 1155 2559 pun
1158 2520 1208 2559 giu
1213 2524 1244 2550 nt
1317 2530 1379 2548 com
1382 2526 1514 2560 pungunt
1600 2524 1800 2560 compungunt

751 2571 961 2610 lacrimareque
1034 2569 1243 2611 lacrimareque
1318 2569 1538 2610 lacrymat-eque
1600 2569 1809 2608 lacrimareque

750 2620 846 2660 spetie
1034 2621 1129 2660 apetie
1321 2620 1418 2660 specie
1600 2619 1698 2659 specie

751 2669 817 2699 caeli
1034 2670 1101 2700 caeli
1319 2669 1389 2699 tetri
1599 2669 1677 2698 taetri

751 2730 808 2759 que
1034 2731 1090 2760 que
1319 2730 1385 2758 quae
1599 2729 1664 2758 quae

742 2779 865 2808 ,cunque
1035 2781 1148 2809 cunque
1319 2779 1432 2808 cunque
1599 2778 1689 2797 causa

751 2818 887 2849 videntur
1034 2820 1170 2849 videntur
1313 2819 1458 2858 juratque
1594 2819 1739 2858 juvatque

750 2870 813 2898 Aut
1034 2872 1098 2899 Aut
1320 2867 1411 2897 Haud
1603 2867 1692 2896 Haud

751 2917 905 2959 principali
1035 2918 1188 2958 principali
1321 2917 1484 2957 principiali
1601 2917 1766 2957 principiali

751 2968 858 2998 leviore
1035 2968 1075 2998 lex
1084 2969 1142 2998 iore
1317 2966 1414 2997 levore
1601 2966 1706 2997 laevore

468 2820 604 2849 videntur

467 2871 530 2898 Aut

468 2918 632 2958 principiali

468 2968 576 2998 leviore
