1967 3314
299 276 397 322 270
591 264 1050 314 VARIANTES
1091 261 1527 312 LECTIONES

687 450 810 470 munus
821 449 957 470 minan.
978 447 1171 467 ‘razonem-us
1185 446 1227 466 m:
1564 423 1605 444 ΒΧ
1617 423 1782 444 'tran-³²*

437 482 638 504 rannaxnus.
756 502 882 524 PERGER
985 499 1210 520 RAGAZOMBUS
1334 477 1447 498 Annus.
1534 477 1611 498 mm
1628 477 1803 498 soeinAu

884 516 891 524 ⁸
1211 513 1218 520 ⁸
1574 532 1768 553 mrum-maz.

469 608 597 639 Brixiae.
761 606 891 638 Veronae.
1039 601 1176 632 venetiis.
1318 601 1455 633 Venetiis.
1602 604 1737 645 Biponti.

325 658 366 687 V.
405 670 676 676 ——-—
689 669 956 674 -——-—
965 664 1240 674 ——·-·-

445 698 518 728 Sine
531 699 628 728 Anno.
783 698 863 727 1486.
1063 700 1144 728 1495.
1346 696 1428 722 1500.
1633 698 1714 727 1782.

340 798 377 824 34
421 789 557 828 quoniam
705 795 773 824 qum
987 795 1056 823 qum
1269 782 1407 821 quoniam
1553 785 1691 824 quoniam

415 839 585 879 jaculentur
698 834 868 874 jaculentur
983 833 1153 874 jaculentur
1264 831 1437 871 jaculantur
1549 833 1721 873 jaculantur

339 897 375 923 35
421 892 504 917 certa
705 889 787 913 certa
987 888 1071 913 certa
1271 891 1349 911 caeca
1557 885 1640 911 certa

339 944 376 972 36
422 937 500 971 Quae
705 933 772 966 Que
987 932 1054 966 Que
1272 930 1346 964 Qum
1556 930 1631 965 Quae

422 986 512 1025 vulgo
705 982 795 1023 vulgo
987 982 1078 1021 vulgo
1273 981 1361 1020 volgo
1557 980 1648 1020 vulgo

339 1044 376 1074 87
421 1034 594 1075 singulatim
706 1031 878 1073 singulatim
988 1030 1160 1070 singulatim
1273 1029 1456 1070 singlilatum
1557 1030 1730 1072 singillatim

339 1094 376 1119 88
421 1084 494 1114 odor
706 1082 778 1111 odor
988 1081 1060 1111 odor
1273 1080 1345 1109 odor
1557 1081 1629 1111 odos

421 1133 489 1164 aliae
706 1130 767 1160 alia
991 1132 1050 1161 alia
1273 1129 1339 1159 aliae
1558 1130 1626 1161 aliae

338 1194 377 1223 90
424 1183 534 1213 Exalto
708 1180 820 1210 Exalta
991 1182 1038 1211 Ex
1049 1181 1112 1211 alta
1275 1179 1323 1209 Ex
1336 1179 1398 1209 alto
1559 1179 1608 1208 Ex
1622 1179 1685 1210 alto

421 1233 606 1263 extrinsecus
706 1230 891 1260 extrinsecus
990 1231 1175 1261 extrinsecus
1273 1230 1459 1259 extrinsecus
1558 1229 1737 1261 intrinsecus

338 1294 376 1323 92
425 1281 536 1312 Hostia
710 1280 821 1310 Hostia
993 1281 1105 1311 Hostia
1274 1279 1362 1308 Ostia
1559 1279 1648 1310 Ostia

422 1332 544 1360 cohor-ta
705 1334 808 1359 coorta
990 1335 1092 1360 coorta
1273 1332 1376 1358 coorta
1557 1333 1667 1359 coorta

338 1393 374 1421 95
424 1381 628 1420 Inprnmptum
708 1378 881 1418 Inproptum
993 1380 1027 1409 In
1043 1382 1179 1418 proptum
1273 1378 1303 1407 in
1318 1382 1454 1418 promptu
1559 1380 1594 1409 In
1608 1382 1726 1419 promtu

422 1429 560 1468 quoniam
573 1434 621 1459 est
707 1427 844 1466 quoniam
857 1430 904 1456 est
991 1429 1127 1468 quoniam
1140 1432 1188 1458 est
1273 1427 1443 1466 quoniamst
1557 1429 1736 1470 quoniam'st

338 1488 376 1519 96
422 1479 503 1509 deest
707 1476 787 1506 deest
989 1477 1069 1507 deest
1273 1477 1303 1506 in
1557 1479 1588 1509 in

337 1541 375 1569 97
423 1529 612 1569 Quaecunque
706 1527 886 1565 Quecunque
990 1528 1171 1568 Quocunque
1274 1525 1462 1565 Quaecunque
1558 1528 1752 1568 Quaecunque

423 1578 602 1608 simulachra
707 1575 885 1605 simulachra
991 1577 1170 1608 simulachra
1273 1576 1432 1605 simulacra
1558 1577 1716 1607 simulacra

422 1638 545 1658 necesse
557 1632 605 1657 est
707 1629 862 1655 necessest
991 1632 1143 1656 necessest
1275 1629 1427 1655 necessest
1560 1624 1724 1656 necesse'st

338 1687 376 1716 93
423 1677 548 1711 Quando
560 1676 678 1716 quidem
707 1674 833 1708 Quando
846 1674 961 1714 quidem
991 1676 1118 1711 Quando
1130 1675 1248 1715 quidem
1274 1673 1518 1713 Quandoquidem
1559 1674 1804 1714 Quandoquidem

423 1726 518 1767 spetie
707 1724 803 1765 spetie
991 1726 1087 1767 spetie
1275 1723 1374 1762 specie
1559 1724 1659 1766 specie

338 1788 376 1817 99
425 1776 474 1806 Ex
709 1776 760 1805 Ex
993 1776 1041 1806 Ex
1277 1773 1354 1804 Esse
1365 1773 1396 1803 in
1562 1774 1640 1804 Esse
1653 1773 1683 1803 in

321 1838 374 1863 101
421 1825 502 1856 deest
515 1834 620 1855 versus
708 1825 789 1855 deest
800 1833 906 1855 versus
992 1826 1073 1856 deest
1084 1835 1190 1856 versus
1275 1824 1384 1854 multas
1561 1823 1661 1854 mulne

322 1887 378 1913 102
425 1877 506 1907 Nam
710 1875 791 1905 Nam
993 1876 1074 1906 Nam
1276 1875 1374 1910 Quam
1560 1874 1658 1910 Quam

423 1938 489 1967 quae
708 1937 766 1965 que
993 1936 1051 1965 que
1277 1935 1343 1964 quae
1561 1934 1627 1964 quae

423 1976 539 2007 ostendi
557 1979 604 2006 est
708 1975 856 2005 ostendist
993 1975 1141 2005 ostendist
1275 1973 1408 2004 ostendit
1562 1972 1738 2003 hiscendi’st

323 2036 378 2062 103
425 2025 642 2065 dissimilesque
708 2024 867 2054 dissimiles
992 2024 1152 2055 dissimiles
1275 2023 1492 2063 dissimilesque
1561 2021 1788 2060 consimilesque

324 2086 379 2112 104
426 2075 549 2115 Effigies
711 2074 834 2113 Effigies
995 2074 1118 2114 Effigies
1276 2073 1389 2114 effigies
1563 2071 1678 2112 Effigiae

425 2125 597 2166 singulatim
709 2123 881 2164 singulatim
993 2122 1165 2163 singulatim
1275 2122 1450 2163 singillatim
1561 2120 1737 2161 singillatim

324 2185 335 2210 1
342 2182 379 2210 06
428 2176 559 2216 Rejectae
712 2175 870 2214 Rejectase
996 2173 1153 2213 Rejectare
1279 2173 1412 2212 Rejectae
1563 2171 1698 2210 Rejectae

324 2234 380 2260 108
426 2225 597 2265 Tantopere
711 2224 812 2253 Tanto
824 2233 912 2262 opere
995 2223 1095 2252 Tanto
1107 2232 1196 2262 opere
1276 2222 1447 2261 'rantopere
1561 2221 1731 2260 Tantopere

426 2276 532 2314 cuique
711 2273 816 2312 cuique
995 2274 1100 2311 cuique
1277 2272 1384 2311 cuique
1562 2270 1689 2310 quoique

325 2334 380 2362 109
426 2331 539 2356 naturae
712 2329 818 2353 natura
996 2328 1102 2353 natura
1278 2326 1386 2351 natura
1563 2325 1670 2350 natura

325 2383 380 2409 112
427 2376 582 2414 Quamque
711 2374 808 2408 Quam
822 2384 880 2413 que
995 2374 1092 2408 Quam
1106 2381 1174 2412 quae
1278 2373 1375 2408 Quam
1389 2380 1457 2411 quae
1563 2371 1659 2406 Quam
1673 2379 1742 2409 quae

427 2429 559 2464 coeptant
711 2428 835 2463 ceptant
997 2427 1118 2462 ceptant
1279 2425 1412 2462 coeptant
1563 2422 1696 2459 coeptant

327 2483 339 2508 1
346 2482 381 2508 13
428 2474 605 2505 conformem
712 2473 889 2503 conformem
996 2471 1173 2502 conformem
1279 2471 1447 2501 confirmem
1563 2468 1730 2499 confirmem

428 2525 550 2555 oxon-dia
712 2523 834 2553 exordia
996 2521 1118 2551 exordia
1279 2520 1401 2551 exordia
1563 2518 1686 2549 exordia

327 2582 340 2607 1
347 2582 381 2606 15
428 2579 462 2604 ut
475 2575 579 2604 horum
714 2584 814 2603 eorum
996 2582 1097 2601 eorum
1279 2581 1378 2600 eorum
1563 2578 1664 2598 eorum

327 2631 340 2656 1
347 2628 382 2656 16
428 2624 509 2654 (1εωί
714 2623 795 2653 deest
997 2621 1078 2650 deest
1281 2625 1314 2650 ut
1563 2623 1597 2647 ut

329 2681 359 2706 11
366 2681 381 2709 7
432 2675 546 2704 Harum
716 2674 832 2702 Harum
1000 2671 1116 2700 Harum
1282 2671 1398 2700 Horum
1566 2667 1681 2696 Horum

432 2724 510 2763 quod
524 2725 570 2753 vis
715 2722 793 2762 quod
808 2722 854 2752 vis
997 2720 1075 2760 quod
1090 2719 1137 2749 vis
1280 2719 1406 2759 quodvis
1563 2715 1688 2756 quodvis

430 2775 591 2814 putandum
605 2777 651 2802 est
715 2772 906 2812 putandumst
997 2770 1189 2809 putandumst
1279 2768 1472 2809 putandumst
1562 2761 1766 2806 putandum'st

329 2828 385 2854 118
431 2823 560 2852 membra
715 2824 817 2853 mebi-a
997 2819 1128 2849 membra
1281 2819 1411 2849 membra
1562 2814 1692 2844 membra

329 2877 385 2906 119
431 2877 566 2913 preterea
717 2878 862 2912 praeterea
998 2875 1142 2909 praeterea
1281 2872 1425 2908 praeterea
1562 2868 1707 2904 praeterea

431 2933 554 2962 quaeque
717 2932 831 2962 queque
999 2929 1122 2958 quaeque
1281 2927 1318 2956 qu
1322 2925 1404 2957 aeque
1563 2923 1686 2954 quaeque
