1967 3314
315 266 411 311 272
595 257 1051 307 VARIANTES
1097 258 1533 310 LECTIONES

711 441 831 462 PAULUS
848 433 991 460 FRXDEN·'
1006 441 1198 462 'Intononus
1213 442 1254 461 DE
1592 420 1633 440 Ex
1644 420 1809 440 TYPOGRA-

1566 474 1641 494 rum
1657 474 1838 495 soen-:Tarm

1606 529 1801 549 BlPONTlNAE.

462 472 663 493 FERBANDUS.

780 494 918 514 muman..
1011 494 1246 516 Racazonums,

1067 598 1204 629 Venetiis.

496 596 623 626 Brzsstiae.

1635 601 1771 642 Biponti.

470 686 543 716 Sine
557 687 654 716 Anno.
1092 692 1174 721 1495.
1378 690 1459 716 1500.

1584 777 1683 806 volare

1587 826 1646 855 late

1586 875 1685 914 magni
1699 879 1812 906 montes

1587 925 1745 964 avolsaque

1587 977 1694 1013 praeter

1588 1023 1686 1054 bellua

1589 1073 1620 1102 N
1622 1085 1655 1103 ec
1688 1074 1828 1115 speciem,

1621 1124 1680 1155 &c-

1589 1174 1629 1204 Et
1653 1175 1817 1215 quojusque

1606 1225 1692 1255 modo
1703 1234 1769 1260 ora,
1785 1224 1841 1254 &a

1587 1285 1675 1314 quam

1587 1328 1735 1364 genantur

1587 1373 1729 1412 quidquid

1582 1423 1752 1464 jaculentur

1588 1473 1617 1502 in
1632 1484 1679 1503 res

1589 1523 1618 1552 in
1632 1523 1734 1562 primis

1590 1572 1643 1601 sed

1591 1621 1620 1650 in

1591 1670 1621 1700 in
1634 1670 1787 1701 materiem

449 775 548 805 volare

453 825 513 856 late

452 875 550 915 magni
564 880 678 904 montes

451 923 611 963 avulsaque

452 979 558 1012 praeter

453 1023 539 1052 belua

456 1076 521 1102 135.
545 1072 611 1102 Nec
641 1083 707 1112 spe-

492 1122 574 1157 tiem,
590 1122 647 1152 &a

455 1173 519 1201 136.
546 1172 587 1202 Et
610 1173 708 1212 cujus-

447 1222 707 1258 cemodioras‚&c.

452 1281 540 1311 quam

452 1326 594 1362 gerantur

453 1371 609 1411 quicquam

449 1421 598 1461 jaculetur

453 1470 482 1499 in
500 1480 547 1500 res

454 1522 597 1562 imprimis

1014 777 1142 808 violasse
1300 777 1398 808 volare

1015 827 1083 856 latae
1301 826 1360 856 late

1301 878 1425 907 monteis
1435 888 1555 916 magnos

1301 926 1460 965 avolsaque

1016 882 1130 907 montes
1148 889 1271 918 magnos

1015 926 1178 966 avulsaque

1017 979 1116 1013 preter
1302 980 1408 1014 przeter

1018 1024 1103 1053 belua
1303 1025 1389 1054 belua

1020 1077 1083 1102 135.
1114 1074 1180 1104 Hec
1207 1086 1273 1116 spe·
1306 1078 1371 1103 135.
1397 1073 1462 1104 Nec
1490 1085 1555 1114 spo-

1056 1123 1141 1159 ciem,
1165 1125 1222 1154 &c.
1342 1123 1428 1157 ciem,
1443 1123 1499 1153 &a

1019 1175 1082 1203 136.
1107 1174 1149 1203 Et
1175 1175 1273 1215 cujus—
1306 1175 1370 1203 156.
1400 1174 1441 1203 Et
1459 1175 1555 1214 cujus-

1010 1233 1121 1252 cemam
1127 1234 1206 1259 oras,
1215 1224 1270 1254 &a
1296 1224 1408 1253 cemodi
1417 1223 1555 1259 στω-,διο-

1016 1282 1084 1311 quae

1016 1327 1158 1362 gerantur

1017 1371 1183 1410 quicunque

1013 1421 1183 1460 jaculentur

1019 1470 1077 1500 iras

1303 1284 1390 1312 quam

1303 1328 1443 1363 gerantur

1303 1374 1458 1413 quicquam

1298 1422 1447 1463 jaculetur

1305 1473 1333 1502 in
1348 1483 1394 1502 res

1018 1521 1047 1550 in
1061 1521 1163 1561 primis

1019 1571 1099 1600 deest

1020 1622 1069 1651 ubi

1020 1671 1211 1701 immateriem

1020 1720 1100 1750 deest

1021 1770 1071 1799 ubi

1021 1821 1121 1851 nulum

1020 1871 1229 1902 simulachrum

1022 1921 1122 1951 redere

1021 1975 1148 2010 opposta

1023 2020 1051 2049 in
1066 2021 1167 2060 primis

1020 2070 1172 2110 speculum
1186 2075 1232 2100 est

1022 2119 1096 2149 nihil

1305 1524 1333 1552 in
1348 1523 1449 1563 primis

1305 1574 1357 1602 sed

1307 1622 1354 1651 ubi

1307 1672 1336 1701 in
1349 1671 1500 1701 materiem

1307 1722 1386 1751 deest

1307 1771 1349 1800 ibi

1308 1820 1417 1850 nullum

1307 1870 1493 1901 simulacmm

1307 1920 1429 1950 reddere

1306 1974 1431 2011 opposta

1307 2021 1337 2050 in
1351 2020 1452 2060 primis

1307 2069 1487 2110 speculumst

1308 2119 1380 2148 nihil

456 1871 665 1901 simulachrum

456 1921 578 1951 reddere

457 1971 594 2012 opposita

456 2021 598 2061 imprimis

458 2070 608 2111 speculum
621 2075 668 2100 est

458 2120 499 2150 nil

1594 2019 1623 2048 in
1638 2019 1738 2058 primis

1592 2067 1785 2109 s'peculum'st

1592 2119 1665 2148 nihil

458 2170 567 2200 occidit
1021 2168 1130 2197 occidit
1307 2169 1415 2198 occidit
1591 2168 1701 2198 accidit

458 2224 583 2260 possunt
1022 2222 1147 2257 possunt
1308 2224 1432 2259 possunt
1592 2218 1688 2257 possit

459 2270 551 2300 levior
1023 2267 1115 2297 lenior
1308 2269 1399 2298 levior
1592 2268 1682 2297 laevor

458 2320 622 2351 redundent
1023 2322 1163 2357 gerantur
1308 2323 1448 2358 gerantur
1591 2322 1739 2357 genantur

459 2370 563 2410 quovis
1022 2367 1156 2406 quivovis
1309 2368 1412 2407 quovis
1593 2366 1696 2405 quovis

460 2430 597 2460 quanque
1023 2427 1139 2456 quoqne
1310 2428 1446 2457 quanque
1593 2426 1739 2456 quamque

460 2469 558 2509 imago
1023 2466 1151 2506 immago
1308 2468 1407 2507 imago
1594 2467 1692 2507 imago

460 2528 566 2549 noscas
1023 2525 1114 2545 nosca
1309 2527 1414 2548 noscas
1594 2525 1700 2546 noscas

461 2569 559 2598 tenuis
1023 2566 1120 2595 tenuis
1309 2566 1425 2596 tenueis
1594 2564 1709 2595 tenueis

461 2620 616 2658 tenuisque
1022 2615 1180 2654 tenuisque
1309 2616 1465 2655 tenuisque
1595 2614 1749 2653 tenuisqae

460 2668 558 2708 spatio
1023 2665 1124 2705 spacio
1309 2666 1407 2705 spatio
1593 2664 1692 2704 spatio

462 2717 640 2748 simulachra
1024 2714 1182 2745 simulacra
1310 2714 1468 2745 simulacra
1593 2712 1751 2742 simulacra

462 2772 605 2806 geruntur
1025 2770 1169 2806 geruntur
1309 2770 1452 2805 geruntur
1593 2765 1741 2802 genantur

462 2815 539 2844 celer
553 2817 600 2846 his
1026 2815 1132 2845 celeris
1310 2813 1414 2843 celeris
1594 2811 1672 2840 celer
1686 2810 1734 2840 his

461 2865 560 2905 spatio
1026 2865 1127 2906 spacio
1310 2862 1408 2902 spatio
1594 2866 1660 2900 spat
1665 2860 1692 2890 io

463 2914 534 2945 item
1031 2914 1107 2944 idem
1312 2912 1388 2942 idem
1595 2910 1667 2940 item
