1967 3314
605 278 821 328 LIBRI
865 276 1112 325 PRIMI.
1525 282 1611 330 191

769 403 1313 414 ———.--

1358 433 1398 453 EX
1411 434 1574 456 TYPOGRA·

481 461 605 482 PAULUS
617 461 749 483 Fanum·
775 458 966 480 ΤΗΙ-20130305
980 459 1021 479 DE

551 515 686 537 PERGER.
780 513 1012 533 RAGAZONOEUS.

1330 487 1370 506 PH
1374 486 1408 506 1A
1424 487 1603 510 socnz'rA'rls

1370 540 1550 562 BlPONTINAE
1555 555 1563 563 -

234 492 338 513 rmum
342 491 434 512 NDUS.

264 617 391 648 Brixiae.
556 618 683 649 Veronae.
836 613 973 643 Venetiis.
1114 613 1218 643 Veneti
1219 614 1251 644 is.
1399 613 1535 654 Biponti.

236 705 310 736 Sine
323 708 422 738 Anno.
577 709 658 738 1486.
858 710 939 738 1495.
1143 707 1224 734 1500.
1279 727 1283 729 —
1429 708 1510 737 1782.

497 797 668 837 Integerent
783 793 955 833 Integerent
1066 793 1220 833 Integrent

497 846 577 877 Tota
782 842 861 872 Tota
1065 842 1128 872 sota

496 901 595 927 movet
781 896 878 922 movet
1064 898 1162 922 movet

496 956 609 976 summa
621 957 680 987 qua
781 952 893 972 summa
907 952 965 982 qua
1064 953 1178 973 summa
1190 954 1249 983 qua

496 1007 589 1036 genus
781 1002 874 1031 gellus
1063 1004 1137 1033 gens

498 1044 617 1075 Floreat
782 1041 901 1070 Floreat
1064 1043 1168 1073 florent

495 1094 598 1124 vivant
780 1091 882 1120 vivant
1063 1093 1167 1122 vivunt

494 1143 621 1175 labentis
779 1140 905 1170 labentis
1064 1141 1196 1171 labentes

493 1194 612 1224 aetheris
777 1190 897 1219 aetheris
1063 1190 1182 1220 aetheris

493 1243 585 1272 subiri
779 1238 870 1269 subiri
1063 1239 1189 1269 suboriri

493 1303 628 1332 reparare
778 1299 915 1328 reparare
1064 1289 1194 1328 reparari

492 1352 606 1382 queque
778 1349 894 1377 quoque
1063 1349 1189 1378 quaeque

491 1390 600 1421 defficit
777 1387 887 1418 defficit
1063 1387 1171 1417 defecit

491 1439 590 1479 aliqua
776 1436 875 1477 aliqua
1062 1437 1161 1476 aliqua

490 1491 604 1520 rarione
776 1486 889 1516 ratione
1062 1487 1176 1516 ratione

490 1540 588 1581 plagae
776 1537 875 1578 plagae
1061 1536 1161 1577 plagae

489 1595 613 1629 possunt
776 1591 901 1626 possunt
1062 1592 1186 1626 possunt

488 1649 572 1669 omne
775 1647 860 1665 omne
1061 1647 1176 1666 omnem

489 1699 554 1728 quae
567 1699 632 1719 cum
645 1695 693 1720 est
775 1695 841 1724 qnae
854 1696 919 1715 cum
934 1690 981 1715 est
1062 1696 1234 1727 quecunque
1248 1692 1295 1717 est

488 1743 614 1778 possunt
776 1740 900 1774 possunt
1061 1740 1186 1774 possunt

490 1787 573 1817 Inter
777 1784 860 1814 Inter
1062 1785 1214 1815 Interdum

490 1835 668 1877 Principium
777 1833 955 1873 Principium
1062 1834 1241 1875 Principium

488 1896 608 1917 necesse
621 1891 669 1917 est
774 1893 896 1914 necesse
909 1888 955 1914 est
1061 1890 1213 1915 necessest

488 1935 553 1974 ipse
777 1932 841 1972 ipse
1061 1935 1136 1974 ipsae

487 1985 559 2025 fuga
773 1981 847 2021 fuga
1060 1985 1131 2025 fuge

487 2035 605 2064 memini
772 2031 880 2060 memni
1063 2035 1187 2065 Memmi

488 2085 608 2114 aetemis
773 2081 883 2110 aternis
1060 2085 1182 2115 alternis

487 2134 548 2163 sint
773 2130 834 2160 siut
1060 2135 1121 2165 sint

487 2193 562 2212 cuxa
773 2189 848 2209 cuxa
1058 2184 1129 2214 nixa

487 2232 643 2272 quicquam
772 2229 928 2269 quicquam
1059 2234 1215 2274 quicquam

487 2291 543 2320 que
773 2289 830 2318 que
1059 2294 1125 2322 quae

487 2342 601 2361 rursum
772 2339 886 2358 rursum
1059 2343 1175 2362 sursum

486 2380 657 2420 intereaque
773 2379 943 2417 intereaque
1057 2383 1087 2412 in
1101 2387 1240 2422 ten-aque

486 2431 670 2470 requiescere
772 2428 957 2467 requiescene
1058 2432 1208 2470 requiesse

486 2484 573 2519 posta
772 2482 859 2517 posta
1057 2485 1178 2519 reposta

487 2539 544 2568 que
773 2537 831 2566 que
1058 2540 1124 2569 quae

488 2578 665 2610 simulachra
773 2575 950 2606 simulachra
1058 2579 1215 2610 simulacra

487 2639 578 2667 supra
773 2635 863 2665 supra
1057 2633 1164 2659 cuncta

487 2677 555 2706 caeli
773 2675 836 2705 caeli
1057 2679 1125 2709 caeli

487 2726 550 2755 caeli
773 2725 837 2754 caeli
1058 2728 1126 2757 caeli

488 2776 565 2809 Qum
773 2775 851 2808 Qum
1058 2788 1124 2806 cum
1342 2790 1408 2809 cum

489 2826 595 2865 sydera
773 2824 879 2863 sydera
1057 2826 1155 2856 sidera
1343 2829 1441 2860 sidera

489 2875 551 2904 caeli
774 2874 841 2903 caeli
1057 2876 1124 2905 caeli
1342 2880 1408 2909 coeli

489 2929 589 2956 noctes
775 2930 875 2956 noctes
1058 2926 1172 2959 nocteis
1344 2929 1456 2962 nocteis

1351 795 1365 823 I
1369 799 1506 835 ntegrent

1349 843 1412 873 fota

1350 896 1438 923 novet

1349 943 1564 984 summissaque

1347 1004 1422 1034 gens

1352 1044 1474 1075 Floreat

1351 1093 1452 1123 vivant

1349 1143 1481 1173 labentes

1349 1192 1471 1221 aetheris

1348 1241 1475 1270 suboriri

1348 1291 1479 1331 reparari

1348 1351 1465 1379 quoque

1348 1391 1456 1420 defecit

1348 1445 1431 1469 recta

1348 1490 1468 1530 regione

1348 1541 1446 1581 plagae

1347 1595 1470 1632 possent

1347 1651 1462 1670 omnem

1348 1687 1574 1730 quaecnnque'st

1347 1744 1472 1779 possunt

1349 1789 1502 1819 Interdum

93 802 164 828 1031
215 795 385 837 Integerent

211 845 274 875 fota

213 901 310 926 movet

211 956 325 976 summa
337 957 396 986 qua

211 1006 286 1035 gens

213 1044 352 1076 Floreant

211 1094 313 1124 vivant

210 1143 336 1174 labentis

210 1194 310 1224 aeteris

208 1243 333 1273 suboriri

206 1303 343 1333 reparare

206 1352 332 1382 quaeque

205 1391 315 1421 defecit

204 1440 304 1479 aliqua

204 1490 316 1519 ratione

204 1539 292 1580 plage

203 1592 328 1628 possunt

204 1649 317 1668 omnem

203 1698 387 1728 quaecunque
401 1694 447 1719 est

203 1737 319 1777 possint

204 1786 356 1817 Interdum

202 1836 382 1877 Principium

203 1897 323 1917 necesse
335 1891 383 1917 est

1348 1838 1506 1879 Principiis

1347 1888 1510 1919 necesse'st

1347 1938 1422 1978 ipsae

1345 1988 1417 2028 fuge

1347 2037 1473 2067 Memmi

1345 2086 1477 2117 externis

1345 2137 1406 2167 sint

1345 2187 1415 2216 nixa

1344 2237 1503 2276 quidquam

200 2234 356 2274 quicquam

200 2292 268 2322 quae

199 2342 314 2363 rursum

200 2382 370 2422 intereaque

200 2432 384 2470 raquiescere

199 2486 287 2521 posta

201 2539 270 2569 quae

200 2578 370 2609 simulichra

199 2639 290 2669 supra

199 2679 267 2708 caeli

197 2728 265 2758 caeli

198 2788 265 2807 cum

200 2827 306 2867 sydera

200 2877 268 2907 caeli

83 2927 156 2957 1066
203 2931 304 2958 noctes

1345 2297 1410 2326 quae

1344 2346 1460 2365 sursum

1343 2386 1373 2414 in
1387 2391 1526 2425 terraque

1344 2436 1529 2474 requiescere

1343 2489 1433 2525 posta.

1344 2544 1412 2572 quae

1343 2582 1500 2613 simulacra

1343 2632 1443 2662 subtu'

1343 2680 1409 2709 coeli

1343 2730 1408 2759 coeli
