1967 3314
294 279 388 318 308
585 270 1041 325 VARIANTES
1087 271 1530 322 LECTIONES

1569 433 1588 453 E
1592 433 1610 452 Χ
1623 434 1641 453 Τ
1645 433 1787 454 YPOGRA-

1540 488 1616 508 PHlA
1634 487 1815 508 socmA'ns

1582 543 1612 562 81
1616 543 1708 563 Pox'rl
1712 542 1775 562 ΝΛΞ.

689 454 810 474 PAULUS
822 453 961 474 FRmEN-
986 453 1178 474 THEODORUS
1193 454 1234 474 m:

439 485 640 506 FEREANDUS.

759 508 896 528 PERGER.
990 509 1226 530 nAGAzoh'ums-

1038 615 1142 646 Veneti
1143 615 1176 645 is.

1070 713 1152 741 1495.

426 790 562 820 existunt

708 794 842 823 existunt
994 798 1128 828 existunt
1279 796 1412 826 existunt
1561 794 1710 824 exsistunt

428 840 473 868 At
712 845 814 882 Atque
997 848 1098 886 Atque
1280 847 1325 874 At
1562 845 1666 881 Atque

428 889 586 919 verisimile
599 892 646 918 est
713 891 872 921 verisimile
884 896 931 922 est
996 895 1155 926 verisimile
1168 900 1215 924 est
1281 894 1469 924 verisimilest
1564 892 1623 922 utri
1638 891 1734 922 simile
1746 896 1795 922 est

430 951 602 980 quocunque
714 942 906 981 quodcunque
997 947 1190 985 quodcunque
1281 944 1474 983 quodcunque
1565 942 1758 982 quodcunque

430 991 493 1020 sive
505 994 554 1019 est
715 996 828 1021 sumest
998 999 1113 1025 sumest
1283 995 1377 1024 sivest
1566 991 1672 1022 sive'st

430 1039 591 1079 genitalem
715 1042 878 1082 genitalum
999 1043 1162 1085 genitalnm
1282 1042 1443 1084 genitalem
1566 1040 1730 1081 genitalem

431 1099 567 1128 Unquam
716 1092 852 1131 cuiquam
1000 1094 1136 1133 cuiquam
1284 1102 1450 1132 quenquam
1567 1091 1726 1131 quoiquam

432 1139 629 1168 Abstererent

433 1188 552 1228 agnatis

1568 1141 1748 1171 Absterrent

1567 1201 1588 1221 a
1599 1190 1680 1221 natis

1284 1143 1463 1173 Absternent

1284 1203 1302 1223 a
1315 1192 1415 1233 g-natis

716 1141 796 1171 deest
809 1151 914 1171 versus
1000 1145 1081 1174 deest
1092 1151 1197 1172 versus

432 1238 604 1279 plerumque
718 1240 889 1281 plerumque
1001 1244 1162 1285 plerunque
1285 1243 1447 1282 plerunque
1567 1240 1701 1281 plerique

432 1288 541 1318 multos
718 1291 827 1321 multas
1001 1294 1110 1324 multas
1286 1291 1396 1322 multas
1569 1290 1663 1321 multo

433 1338 533 1368 maesti
719 1341 806 1370 mesti
1002 1344 1090 1374 mesti
1287 1342 1383 1373 maesti
1569 1339 1668 1371 moesti

435 1387 485 1417 Ne
499 1388 638 1427 quiquam
722 1390 771 1419 Nc
784 1390 923 1429 quiquam
1004 1395 1071 1424 Nec
1086 1394 1225 1433 quiquam
1288 1392 1482 1432 nequicquam
1571 1388 1783 1429 Nequidquam

433 1437 580 1478 sortisque
720 1440 868 1479 sortisque
1003 1443 1152 1482 sortisque
1289 1441 1454 1480 sorteisque
1572 1439 1738 1479 sorteisque

719 1489 840 1529 affigere
1003 1494 1123 1534 affigere
1290 1491 1410 1531 affigere
1572 1490 1702 1530 adfigere

720 1540 757 1569 ad
770 1540 875 1569 hesum
1003 1544 1042 1574 ad
1054 1544 1160 1572 hesum
1290 1541 1444 1571 adhaesum
1573 1540 1724 1570 adhaesum

721 1589 862 1629 Lignitur
1006 1593 1145 1633 Lignitur
1292 1591 1432 1630 Liquitur
1574 1590 1715 1629 Liquitur

433 1647 471 1664 ex
484 1635 595 1675 templo
719 1649 757 1667 ex
769 1638 880 1678 templo
1003 1653 1041 1672 ex
1057 1641 1169 1680 templo
1292 1640 1441 1680 extemplo
1575 1638 1727 1679 extemplo

434 1685 529 1715 credit
719 1687 814 1717 credit
1008 1692 1103 1723 credit
1294 1690 1374 1720 cedit

394 1766 403 1773 ,
435 1735 484 1765 hic
720 1738 769 1768 hic
1012 1741 1063 1772 hic
1295 1741 1352 1770 hoc

435 1795 502 1815 cum
719 1799 785 1818 cum
1011 1803 1077 1822 cum
1295 1790 1432 1830 quoniam

417 1839 585 1866 concretum
595 1836 690 1877 magis
714 1843 869 1869 concretus
882 1837 976 1878 magis
998 1847 1156 1873 concretus
1169 1841 1264 1882 magis
1293 1838 1460 1870 concretius

437 1891 490 1916 aut
721 1895 755 1920 ut
1008 1898 1042 1924 ut
1294 1893 1349 1920 aut

437 1948 520 1976 aeque
722 1951 798 1980 eque
1007 1953 1083 1982 eque
1295 1951 1379 1980 aeque

438 1991 626 2027 penetratum
724 1995 894 2031 penetatum
1008 1996 1180 2033 penetatum
1294 1994 1480 2030 penetratum

440 2036 523 2076 Egre
726 2041 807 2080 Egre
1011 2042 1092 2082 Egre
1296 2040 1389 2080 AEgre

439 2086 589 2115 hannonie
725 2090 888 2120 harmonice
1011 2090 1170 2120 harmoniae
1296 2089 1459 2120 harmoniae

442 2135 550 2165 diferre
726 2139 843 2168 differre
1010 2140 1128 2169 differre
1296 2140 1414 2170 differre

442 2185 613 2225 Suscipiunt
730 2189 918 2229 Susccipiunt
1013 2189 1184 2230 Suscipiunt
1298 2189 1469 2229 Suscipiunt
1579 2187 1752 2227 Suscipiunt

440 2235 529 2274 inque
728 2239 816 2278 inque
1012 2239 1042 2268 in
1058 2248 1127 2278 quae
1297 2240 1386 2278 inque
1580 2238 1669 2278 inque

440 2285 586 2316 himeneis
728 2289 882 2329 hymeneis
1013 2289 1166 2328 hymeneis
1298 2289 1457 2329 hymenaeis
1580 2287 1742 2329 hymenaeis

442 2340 529 2365 nacte
729 2344 816 2369 nacte
1014 2342 1103 2367 nacte
1299 2344 1380 2368 natae
1582 2342 1677 2368 nactae

442 2390 568 2426 possunt
730 2393 855 2428 possunt
1016 2393 1141 2429 possunt
1302 2392 1428 2428 possunt
1583 2391 1653 2427 post
1667 2390 1737 2416 sunt

443 2435 512 2465 inde
731 2438 800 2467 inde
1016 2439 1084 2468 inde
1302 2438 1370 2467 inde
1583 2436 1661 2467 unde

443 2485 522 2515 domi
730 2488 799 2518 dom
1017 2488 1084 2518 dom
1302 2487 1380 2518 domi
1583 2486 1663 2517 domi

446 2535 578 2565 fecundae
732 2538 868 2569 secuudae
1017 2537 1150 2568 secundae
1303 2537 1448 2569 foecundae
1583 2536 1726 2568 foecundae

445 2595 516 2625 sepe
733 2598 815 2628 saepe
1018 2599 1096 2629 saepe
1303 2599 1386 2629 saepe
1587 2597 1666 2627 saepe

446 2636 568 2666 inventa
580 2640 627 2666 est
733 2637 884 2668 inventast
1017 2640 1169 2669 inventast
1303 2640 1454 2670 inventast
1585 2635 1747 2667 inventn'st
1780 2678 1783 2679 γ

448 2686 548 2726 gnatis
734 2688 836 2729 gnatis
1017 2690 1118 2731 gnatis
1301 2690 1402 2730 gnatis
1584 2686 1663 2717 nafis

449 2737 625 2766 conveniunt
734 2738 912 2768 conveniunt
1019 2739 1197 2770 conveniunt
1302 2739 1478 2769 conveniant
1584 2734 1761 2766 conveniant

449 2785 529 2815 deest
541 2797 608 2817 vers
614 2797 648 2816 us
734 2788 815 2818 deest
828 2798 933 2818 versus
1018 2789 1099 2819 deest
1112 2799 1216 2820 versus
1302 2789 1382 2819 deest
1395 2796 1499 2818 versu-3
1586 2786 1664 2820 Quae
1677 2783 1747 2824 quoi
1760 2782 1818 2812 &c-

451 2837 480 2863 in
494 2846 531 2864 eo
736 2837 764 2867 in
778 2848 814 2868 eo
1019 2839 1048 2868 in
1062 2850 1098 2868 eo
1302 2839 1332 2867 in
1346 2849 1381 2867 eo
1585 2836 1660 2865 adeo

451 2884 564 2915 colatur
736 2888 857 2918 caelatur
1020 2889 1141 2919 caelatur
1303 2888 1417 2918 colatur
1585 2885 1701 2915 colatur

451 2935 581 2976 Nunque
738 2938 867 2979 Nanque
1021 2939 1150 2979 Nanque
1306 2936 1435 2977 Nanque
1591 2934 1730 2975 Namque
