1967 3314
366 853 440 878 1130

367 901 438 927 1131

367 1002 442 1027 1132

370 1199 442 1224 1133

371 1301 444 1326 1134

372 1451 444 1476 1135

370 1548 444 1576 1156

372 1651 444 1680 1137

373 1801 446 1826 1138

374 1999 446 2027 1139

374 2049 447 2074 1140

375 2149 446 2174 1143

374 2199 445 2224 1145

374 2246 446 2274 1146

375 2349 445 2377 1147

374 2497 446 2525 1149

374 2598 447 2623 1150

374 2648 442 2673 1151

374 2697 447 2723 1152>

373 2896 445 2922 1153

644 232 1101 282 VARIANTES
1146 229 1592 280 LECTIONES

495 446 697 468 ricimannus.

531 570 658 600 Brixiae.

508 658 581 690 Sine
594 658 623 687 A
628 668 691 687 nno.

487 754 590 782 Donec

486 802 635 833 alescendi

488 852 565 882 vires

488 902 613 942 priorem

489 950 611 990 liquitur

487 1004 520 1029 ct
532 999 610 1028 enim

488 1055 519 1078 et

490 1096 617 1137 amplius

490 1148 628 1187 adempto

490 1198 620 1237 undique

491 1254 592 1289 partes

494 1302 584 1331 Plura

491 1351 578 1381 modo

492 1406 566 1431 teta-⁴
579 1405 611 1429 ct

492 1451 610 1481 deditur

492 1502 520 1530 ei

492 1561 544 1590 pre

493 1609 581 1640 quam
595 1599 694 1639 largos

492 1652 604 1688 queant

494 1698 620 1729 suboriri

494 1748 685 1789 suppeditare

494 1799 574 1828 deest
631 1791 636 1800 ’

495 1998 643 2035 rarefacta

494 2049 627 2079 externis

494 2099 689 2128 subcumbunt

494 2148 603 2177 infesta

495 2198 648 2237 putrisque

494 2248 612 2288 integra

495 2297 662 2328 renovando

496 2349 563 2379 Nee
576 2349 732 2388 quicquam

496 2410 579 2429 venae

495 2448 699 2489 perpetiuntur

495 2498 591 2528 fracta
604 2502 652 2528 est

493 2549 644 2587 effetaque

495 2608 563 2637 quae

496 2648 589 2677 saecla

495 2697 575 2726 deest

497 2746 672 2776 immortalia

496 2806 551 2824 saec
556 2795 583 2824 la

495 2856 508 2873 s
513 2855 630 2885 upernae

492 2894 568 2923 carlo

747 415 868 435 munus
879 414 1017 440 numm-

816 469 955 490 niman.

812 573 841 603 V
838 583 943 603 eronoe.

847 663 928 693 1486.

773 754 876 783 Donec

771 802 920 832 alescendi

773 852 850 881 vires

773 903 901 942 pejorem

774 951 898 990 liquitur

773 1006 805 1030 et
817 1001 895 1030 enim

774 1055 822 1081 est

775 1100 901 1141 amplius

775 1150 914 1189 adempto

775 1199 910 1238 undeque

776 1255 877 1290 partes

779 1300 870 1329 Plura

776 1349 862 1379 modo

775 1404 849 1428 aetas
862 1403 894 1427 et

777 1449 894 1479 deditur

777 1500 804 1529 ei

778 1560 830 1589 pre

777 1609 865 1638 quam
879 1597 979 1637 largos

778 1653 890 1688 queant

779 1699 834 1728 sub
847 1697 917 1727 oriri

779 1749 834 1778 sub
848 1747 982 1788 peditare

779 1798 859 1828 deest

780 1996 928 2027 rarefacta

778 2045 910 2075 externis

780 2094 977 2125 subcumbunt

779 2146 889 2175 infesta

779 2195 935 2236 putrisque

779 2246 895 2285 integra

779 2295 948 2325 renovando

781 2345 812 2374 N
814 2355 848 2374 ec
861 2345 1018 2384 quicquam

780 2406 853 2425 vene

780 2445 987 2486 perpeciuntur

780 2495 876 2525 fracta
887 2499 935 2525 est

779 2545 928 2584 effetaque

780 2606 837 2633 que

782 2643 880 2674 Saecla

779 2694 860 2723 deest

781 2744 957 2775 immortalia

778 2794 867 2824 soecla

778 2854 914 2884 supernae

778 2894 850 2924 caelo

1035 414 1228 434 'rutunonus
1244 413 1264 433 D
1270 413 1288 432 E

1048 468 1234 490 RAGAzom
1239 469 1284 489 US.

1055 758 1157 787 Donec

1053 805 1202 836 alescendi

1055 855 1132 884 vires

1055 906 1183 945 pejorem

1055 955 1186 994 loquitur

1056 1009 1087 1034 et
1102 1015 1121 1033 n

1056 1059 1104 1083 est

1057 1103 1184 1143 amplius

1058 1154 1196 1194 adempto

1059 1204 1187 1243 undique

1058 1259 1158 1294 partes

1061 1304 1152 1334 Plura

1059 1354 1145 1384 modo

1059 1408 1133 1434 aetas
1143 1408 1175 1433 et

1060 1453 1178 1483 deditur

1060 1502 1087 1532 ei

1061 1562 1113 1591 pre

1061 1611 1148 1640 quam
1163 1600 1264 1640 largos

1059 1655 1170 1691 queant

1060 1702 1115 1731 sub
1131 1700 1201 1730 oriri

1059 1751 1115 1780 sub
1133 1750 1267 1790 peditare

1061 1799 1142 1829 deest

1062 2007 1127 2027 rare
1145 1997 1227 2026 fucta

1060 2047 1194 2076 externis

1063 2097 1118 2125 sub
1129 2095 1270 2125 cumbunt

1062 2146 1171 2175 infesta

1063 2196 1216 2236 putrisque

1064 2246 1183 2285 integra

1062 2295 1229 2325 renovando

1065 2346 1131 2376 Nec
1145 2347 1303 2386 quicquam

1063 2407 1137 2426 vene

1062 2445 1280 2486 perspiciuntur

1060 2497 1157 2526 fracta
1169 2502 1217 2526 est

1061 2547 1208 2586 effetaque

1062 2606 1119 2635 que

1063 2644 1150 2674 Secla

1061 2695 1142 2725 deest

1063 2745 1243 2774 immortalia

1062 2795 1152 2825 saecla

1063 2853 1202 2884 superum

1063 2895 1134 2924 eaelo

1395 443 1511 464 Aans.

1383 568 1521 599 Veneriis.

1412 665 1425 690 1
1431 666 1497 691 500.

1335 753 1427 782 donec

1336 800 1485 830 alescendi

1337 851 1426 880 vireis

1338 900 1466 938 pejorem

1338 948 1461 987 liquitur

1339 996 1448 1027 etenim

1339 1052 1387 1076 est

1339 1097 1466 1137 amplius

1339 1148 1478 1188 adempto

1340 1198 1468 1238 undique

1342 1248 1454 1289 parteis

1344 1299 1435 1328 Plura

1341 1348 1428 1378 modo

1341 1403 1373 1428 et
1386 1409 1405 1427 a
1418 1408 1452 1427 se

1342 1448 1452 1478 diditur

1343 1498 1371 1527 ei

1344 1557 1410 1576 cum

1346 1595 1483 1636 praelatos

1347 1649 1461 1685 queant

1346 1693 1473 1724 suboriri

1346 1744 1535 1785 subpeditare

1346 1795 1433 1831 Quod
1447 1793 1522 1824 satis
1535 1797 1583 1822 est

1378 1850 1409 1875 et
1428 1848 1569 1884 quantum

1377 1905 1452 1935 opus
1465 1899 1512 1924 est
1528 1903 1580 1922 na-

1378 1951 1446 1976 tura
1459 1954 1568 1974 novare

1345 1994 1491 2026 rarefacta

1345 2044 1467 2075 oetcrnis

1345 2094 1543 2124 subcumbunt

1346 2145 1456 2174 infesta

1346 2193 1517 2233 putreisque

1346 2245 1495 2284 integrare

1346 2294 1480 2324 novando

1346 2344 1554 2383 Nequicquam

1345 2404 1427 2422 venae

1344 2442 1550 2483 perpetiuntur

1344 2493 1505 2532 fracta-est

1344 2543 1501 2582 effaetaque

1345 2604 1411 2632 quae

1346 2643 1427 2673 secla

1347 2699 1378 2723 et

1348 2742 1523 2773 immortalia

1348 2792 1428 2822 secla

1348 2852 1474 2882 superne

1347 2892 1419 2923 caelo

1626 389 1666 409 EX
1679 387 1843 410 witmer-A·

1596 444 1675 464 rum
1690 441 1856 464 socurxn

1638 496 1833 518 mrox'rlNAE.

1620 748 1767 779 Donicum

1619 797 1767 827 olescendi

1622 847 1711 877 vireis

1622 897 1750 936 pejorem

1622 946 1746 986 liquitur

1621 995 1730 1027 etenim

1622 1051 1671 1076 est

1622 1095 1747 1136 amplior

1622 1147 1722 1177 demto

1628 1649 1719 1686 queat

1628 1694 1754 1727 suboriri

1628 1744 1820 1786 suppeditare

1627 1797 1779 1831 Quantum
1796 1799 1872 1832 opus

1659 1849 1709 1875 est
1731 1848 1764 1873 et
1792 1839 1871 1881 quod

1659 1894 1735 1925 satis
1745 1897 1806 1927 est,
1819 1900 1871 1921 na-

1659 1949 1729 1974 tura
1740 1950 1850 1973 novare

1627 1993 1776 2025 rarefacta

1626 2043 1760 2075 externis

1627 2094 1823 2125 succumbunt

1628 2145 1739 2175 infecta

1628 2194 1799 2235 putreisque

1627 2246 1779 2284 integrare

1628 2293 1762 2324 novando

1629 2343 1839 2384 Nequidquam

1628 2405 1710 2424 venae

1627 2443 1832 2486 perpetiuntur

1627 2492 1777 2524 affecta'st

1627 2543 1785 2582 cffoetaque

1627 2605 1693 2634 quae

1630 2643 1723 2674 Saecla

1627 2692 1706 2722 enim

1629 2741 1766 2773 mortalia

1630 2792 1719 2823 saecla

1630 2852 1755 2882 superne

1631 2892 1706 2923 coelo
