1967 3314
612 244 825 294 LIBRI
867 244 1168 302 QUINTI.
1540 256 1633 302 317

491 426 618 447 munus
628 429 763 450 1⁷11me-
783 428 980 449 Tntonomys
996 429 1038 448 m:
1374 406 1415 426 Ex
1428 408 1592 431 TYPOGRA'

791 482 1027 503 RAGAZONIBUS.

239 458 442 479 FERRANDUS.
1143 461 1259 481 ALDUS.
1346 460 1424 480 PHIA
1440 462 1622 485 SOCLETATIS

1388 514 1582 537 BIPONTINAE.

272 581 403 611 Bria-ise.
838 586 872 615 V
870 584 983 616 enetiis.
1129 583 1269 615 Venetiis.

255 671 328 701 Sine
341 672 371 700 A
375 682 440 701 nno.

871 678 953 707 1495.
1157 675 1243 702 1500.

789 764 916 794 divisum
1079 762 1168 792 Divis
1364 764 1452 794 DiviS

791 814 876 844 deest
1077 812 1154 841 unde
1363 814 1441 843 unde

791 864 908 894 modost
1078 863 1195 893 modost
1362 865 1491 896 modo'st

791 914 930 953 Quidque
1078 913 1215 953 Quidque
1362 914 1511 948 Quidnam

793 974 825 994 se
1079 972 1145 992 sese
1363 974 1429 994 sese

792 1014 918 1053 spetiem
1078 1013 1207 1052 speciem
1362 1015 1512 1054 specimen

795 1063 933 1103 Namque
1080 1061 1210 1102 Nanque
1366 1064 1504 1105 Namque

507 764 634 793 divisum

507 813 594 844 deest

507 863 625 893 modost

508 913 646 953 Quidque

509 973 542 992 se

510 1012 636 1052 spetiem

510 1062 649 1102 Namque

508 1112 687 1142 multimodis

508 1162 574 1191 fieri

508 1213 690 1252 Quecunque

509 1261 615 1291 vitales

508 1311 694 1340 Deciderunt

506 1359 577 1389 talis

507 1415 629 1440 moestus

507 1460 621 1500 geritur

507 1509 588 1538 deest

507 1557 588 1587 deest

506 1617 564 1646 que

224 761 351 790 divisum

225 811 310 841 deest

225 862 311 891 modo
323 866 372 892 est

225 911 363 951 Quidque

226 971 293 990 sese

226 1010 351 1050 spetiem

227 1061 356 1101 Nanqne

224 1112 403 1142 multimodis

225 1162 296 1193 ferri

225 1214 414 1253 Quaecunque

225 1263 255 1292 in
268 1263 338 1292 talis

226 1313 408 1342 Deciderunt

223 1361 293 1391 talis

224 1416 349 1442 novatus

222 1463 336 1502 geritur

221 1512 302 1541 deest

223 1562 249 1590 si

223 1622 290 1650 quae

224 1661 288 1690 caeli

223 1716 365 1750 quantum

223 1761 287 1791 caeli

223 1816 337 1842 montes

222 1862 363 1902 silvaeque

223 1918 366 1953 vasteque

222 1963 317 2002 partis

223 2023 277 2043 sua
289 2013 319 2042 vi

222 2063 253 2091 ni

219 2111 362 2142 fecundas

221 2163 315 2192 cimus

222 2213 352 2243 existere

220 2261 360 2292 infestum

224 2311 394 2350 Adportant

223 2360 310 2390 saevis

226 2409 341 2439 Navita

223 2459 363 2500 indignus

223 2509 375 2549 profundit

223 2570 338 2599 aequum
351 2564 400 2590 est

226 2610 275 2639 Ne

223 2659 411 2700 crepitaculis

223 2711 303 2740 decet

222 2771 296 2800 opus
309 2765 356 2789 est

223 2811 329 2850 cuique

224 2860 392 2890 adhibenda
405 2864 453 2890 est

225 2909 325 2940 Almae

792 1113 971 1143 multimodis
1078 1112 1258 1144 multimodis
1364 1114 1458 1145 multa
1467 1117 1561 1147 modis

791 1163 856 1192 fieri
1079 1162 1149 1191 ferri
1364 1163 1434 1194 ferri

793 1213 982 1254 Quaecunque
1079 1212 1268 1253 Quaecunque
1363 1213 1554 1256 Quaecunque

793 1264 900 1294 vitales
1079 1262 1108 1291 in
1120 1263 1199 1292 tales
1361 1262 1391 1291 in
1405 1264 1493 1294 taleis

794 1313 978 1344 Deciderunt
1080 1312 1257 1343 Deciderint
1362 1312 1548 1345 Deciderunt

792 1362 861 1392 talis
1078 1361 1165 1392 taleis
1361 1361 1449 1392 taleis

791 1416 914 1442 moestus
1078 1417 1194 1444 meatus
1362 1417 1478 1443 meatus

791 1461 906 1501 geritur
1077 1463 1192 1503 geritur
1362 1462 1482 1501 genitur

791 1512 874 1542 deest
1078 1513 1111 1550 si¹
1362 1511 1390 1542 si

791 1561 871 1591 deest
1078 1563 1159 1592 deest
1362 1561 1443 1592 deest

791 1622 857 1650 quae
1078 1623 1144 1651 quae
1362 1623 1429 1651 quae

791 1661 856 1690 caeli
1078 1662 1146 1692 caeli
1363 1661 1430 1691 coeli

791 1721 879 1749 quam
893 1715 956 1741 tum
1077 1723 1166 1751 quam
1178 1717 1241 1743 tum
1362 1715 1505 1750 quantum

791 1760 855 1789 caeli
1077 1761 1141 1791 caeli
1362 1760 1429 1789 coeli

791 1816 905 1841 montes
1077 1817 1193 1843 montes
1361 1811 1487 1841 monteis

791 1861 924 1900 silveque
1078 1863 1218 1903 silvaeque
1361 1859 1502 1901 Silvaeque

791 1921 934 1952 vasteque
1077 1918 1233 1954 vastaeque
1361 1916 1513 1951 vastaeque

790 1962 886 2002 partis
1077 1964 1189 2003 parteis
1360 1960 1474 1998 parteis

791 2011 876 2041 suavi
1077 2024 1132 2043 sua
1145 2014 1176 2043 vi
1360 2020 1416 2039 sua
1433 2011 1463 2040 Vi

791 2063 828 2092 iri
1078 2063 1109 2092 ni
1361 2059 1392 2088 ni

790 2111 933 2143 fecundas
1077 2113 1228 2145 faecundas
1362 2108 1514 2141 foecundas

791 2163 897 2193 stimus
1076 2164 1170 2194 cimus
1361 2159 1454 2189 cimus

790 2213 919 2243 existere
1076 2215 1205 2245 existere
1360 2209 1505 2239 exsistere

789 2264 819 2293 in
831 2263 942 2294 festum
1075 2265 1216 2294 infestum
1359 2258 1499 2289 infestum

790 2313 961 2353 Adportant
1075 2314 1235 2354 adportant
1360 2311 1532 2349 Apportant

789 2364 870 2393 sevis
1076 2363 1163 2393 saevis
1359 2358 1446 2388 saeVlS

792 2412 898 2441 Nauta
1077 2412 1193 2443 Navita
1361 2408 1476 2438 Navita

791 2461 911 2501 indigus
1076 2463 1195 2503 indigus
1358 2458 1478 2498 indigus

790 2509 941 2549 profundit
1075 2512 1229 2552 profundit
1357 2508 1490 2548 profudit

790 2570 905 2599 aequum
922 2564 971 2589 est
1075 2568 1220 2602 aequumst
1357 2559 1516 2599 aequum'st

792 2609 842 2638 Ne
1076 2613 1143 2642 Nec
1360 2609 1427 2639 Nee

790 2659 979 2700 crepitaculis
1074 2662 1254 2702 crepitacula
1357 2660 1538 2700 crepitacula

790 2707 872 2738 deest
1075 2712 1119 2741 eis
1357 2710 1401 2740 eis

790 2769 864 2798 opus
882 2763 930 2788 est
1075 2771 1149 2802 opus
1163 2766 1211 2792 est
1358 2760 1426 2800 opu'
1439 2765 1510 2791 sunt

789 2808 896 2847 cuique
1075 2812 1182 2850 cuique
1357 2809 1494 2850 cuiquam

790 2857 987 2889 adhibendast
1076 2860 1272 2892 adhibendast
1359 2861 1568 2893 adhibenda'st

793 2907 881 2938 Alme
1076 2909 1176 2940 Almae
1360 2912 1457 2942 Almae

507 1658 571 1687 caeli

508 1719 595 1747 quam
605 1713 670 1738 tum

507 1758 571 1788 caeli

507 1812 622 1838 montes

507 1858 543 1887 sil
548 1868 640 1897 veque

507 1913 650 1947 vasteque

507 1959 601 1997 partis

507 2008 592 2037 suavi

507 2058 544 2087 iri

505 2106 647 2136 fecundas

507 2156 613 2186 stimus

507 2206 635 2236 existere

507 2256 538 2285 in
550 2255 660 2285 festum

507 2306 678 2346 Adportant

506 2356 586 2385 sevis

509 2406 613 2436 Nauta

505 2455 625 2495 indigus

507 2505 660 2545 profundit

507 2655 695 2694 crepitaculis

507 2706 588 2736 deest

507 2767 581 2797 opus
595 2762 643 2788 est

505 2807 611 2846 cuique

505 2858 703 2890 adhibendast

507 2908 596 2938 Alme
