1967 3314
322 262 415 302 248

350 643 393 672 V.

345 782 403 811 572

346 832 403 860 573

347 930 406 959 574

347 976 405 1008 575

349 1025 407 1057 576

350 1078 407 1107 577

335 1149 343 1159 .
350 1126 408 1156 578

350 1176 408 1205 579

353 1226 410 1252 580

356 1425 410 1452 581

358 1574 415 1600 582

359 1623 415 1650 583

359 1673 416 1699 584

359 1719 415 1748 585

361 1818 419 1847 586

363 1871 419 1897 588

362 1917 421 1949 589

363 1967 422 1998 590

364 2019 418 2048 591

364 2114 422 2147 593

366 2168 423 2196 594

367 2218 422 2246 595

367 2264 423 2295 596

367 2464 425 2495 598

369 2566 426 2594 599

370 2710 427 2738 602

369 2809 426 2837 603

370 2858 428 2886 604·

613 246 1067 301 VARIANTES
1117 245 1554 297 LECTIONES

461 466 663 488 FBRRANDUS.

711 430 831 451 PAULUS
847 428 979 448 flumm-
1008 430 1200 450 THEODORUS
1215 430 1255 449 DE

779 484 915 504 PERGER.

1016 482 1249 503 RAGAzoNIBL'S.

1593 406 1632 425 Ex
1643 406 1680 425 ΤΥ
1687 405 1808 426 Poona-

1566 460 1604 480 Pu
1611 460 1643 479 1A
1657 459 1837 479 socuz'rATls

1606 513 1800 533 BlPoN'rINAE.

713 554 1834 565 ——ss—

503 593 630 623 Bra-iae.

474 681 548 710 Sine
561 681 658 712 Anno.

451 772 494 802 sic

453 822 524 851 Sese
537 821 635 851 anima

452 881 503 900 eos

453 919 550 950 nervis

453 969 532 1003 Quin

450 1017 542 1059 jectis

455 1077 576 1096 necesse
588 1070 636 1097 est

456 1117 613 1157 conjuncta
624 1120 671 1146 est

457 1177 523 1197 cum

458 1216 625 1247 Discidium

457 1268 528 1307 quin

458 1318 489 1346 'm

459 1371 538 1397 tetro

461 1417 532 1456 quin

461 1479 498 1497 ea

462 1518 638 1558 penitusque

465 1566 618 1596 Emanarit

463 1621 549 1656 putre

464 1666 524 1696 sint

464 1720 584 1746 manant
600 1715 717 1745 animae-

497 1776 555 1806 que

467 1815 560 1845 omnis

469 1863 668 1905 Dispertitam

471 1915 511 1944 Et

467 1969 569 1994 enatet

471 2266 519 2291 est

472 2309 659 2339 malefactum

472 2370 538 2390 cum

472 2409 640 2450 perhiberet

472 2460 544 2489 vitae

473 2508 685 2549 reprehendere

473 2559 638 2598 animaeque

474 2610 530 2638 hec

474 2657 669 2688 conlabefiunt

475 2708 545 2747 quin

478 2757 593 2795 prodita

475 2806 594 2845 dempto

475 2865 559 2885 omne

474 2915 559 2934 evum

789 590 917 619 Veronae.

809 688 822 712 1
827 684 890 712 486.

733 772 776 801 sic

736 820 783 849 Sic
794 819 930 848 cohibere

735 879 786 898 eos

736 918 835 947 neruis

736 968 838 1002 Quare

737 1016 840 1057 ejectis

738 1068 889 1095 necessest

738 1115 954 1155 conjunctamst

739 1175 808 1204 (lum

741 1213 906 1242 Discidium

740 1261 857 1301 quando

741 1312 770 1341 in

742 1366 820 1391 tetro

742 1409 858 1449 quando

743 1470 779 1488 ea

745 1509 862 1547 penitus
875 1508 989 1546 sibique

747 1558 788 1587 Et
801 1558 927 1587 manarit

745 1611 830 1646 putte

746 1661 816 1685 sunt

746 1710 866 1735 manant
878 1706 997 1735 animae-

780 1766 837 1795 que

748 1806 842 1835 omnis

751 1854 949 1894 Dispercitarn

752 1906 796 1935 Ec

749 1960 853 1987 enatat

751 2005 876 2040 Quando

751 2056 817 2085 finis

751 2106 849 2135 omnia

751 2155 831 2186 deest

751 2205 831 2236 decet

752 2261 800 2286 est

753 2305 941 2335 malefactum

754 2366 823 2395 qum

756 2405 923 2445 perhiberet

756 2455 825 2485 vitae

758 2504 970 2545 reprehendere

757 2556 920 2594 animaeque

758 2607 814 2636 hoc

759 2656 967 2687 conlabescunt

758 2706 877 2746 quando

760 2756 877 2797 perdita

759 2807 878 2846 dempto

758 2866 871 2885 omnem

759 2916 853 2935 aevum

1067 588 1204 618 Venetiis.

1095 681 1107 705 l
1113 680 1178 708 495.

1019 766 1062 796 sic

1021 815 1069 844 Sic
1083 815 1219 845 cohibere

1019 875 1071 894 eos

1020 915 1099 944 neris

1021 964 1120 997 Quare

1021 1012 1125 1052 ejectis

1022 1065 1173 1091 necessest

1022 1113 1238 1152 conjunctamst

1022 1172 1091 1201 qum

1026 1212 1190 1242 Discidium

1024 1262 1141 1302 quando

1024 1312 1054 1341 in

1024 1367 1101 1392 tetro

1025 1411 1142 1450 quando

1025 1471 1061 1490 ea

1030 1560 1071 1589 Et
1081 1559 1207 1588 manarit

1029 1614 1097 1648 pute

1029 1661 1098 1686 sunt

1062 1767 1119 1796 que

1030 1806 1124 1836 omnis

1034 1857 1228 1897 Dispertitam

1035 1907 1078 1936 Ec

1033 1961 1135 1986 enatat

1034 2006 1160 2040 Quando

1035 2057 1100 2086 finis

1035 2106 1132 2135 omnia

1035 2154 1116 2184 deest

1037 2205 1116 2234 deest

1038 2260 1086 2284 est

1040 2304 1226 2334 malefactum

1040 2365 1109 2394 qum

1041 2404 1209 2444 perhiberet

1042 2454 1113 2484 vitae
1176 2458 1180 2462 “

1042 2502 1253 2543 reprehendere

1042 2553 1194 2592 animeque

1043 2605 1098 2633 hoc

1043 2664 1098 2683 con
1111 2653 1264 2682 labescunt

1043 2703 1161 2742 quando

1044 2753 1162 2794 perdita

1042 2804 1161 2843 dempto

1046 2863 1161 2883 omnem

1046 2913 1142 2933 oevum

1027 1510 1154 1549 poenitus
1167 1508 1280 1546 sibique

1029 1711 1149 1736 manant
1165 1706 1281 1736 anima>—

1306 915 1387 943 venis

1304 964 1404 996 Quare

1305 1013 1408 1053 ejectis

1305 1068 1457 1093 necessest

1306 1113 1493 1152 conjunctast

1307 1174 1373 1193 cum

1307 1211 1462 1242 dissidium

1308 1261 1378 1301 quin

1309 1312 1338 1340 in

1309 1366 1386 1390 tetro

1308 1411 1379 1450 quin

1310 1470 1347 1488 ex

1311 1510 1487 1549 penitusque

1314 1558 1469 1588 Emanarit

1313 1614 1383 1649 pute

1314 1664 1384 1689 sunt

1313 1710 1417 1740 animae
1435 1711 1568 1737 manant-

1347 1769 1405 1798 que

1315 1808 1426 1838 omneis

1319 1857 1514 1898 Dispertitam

1320 1908 1360 1937 Et

1317 1960 1420 1985 enaret

1318 2006 1397 2040 Quin

1319 2056 1403 2086 fineis

1319 2106 1399 2135 deest
1412 2113 1515 2134 versus

1323 2156 1364 2184 Et
1377 2153 1462 2193 quasi
1479 2153 1534 2182 &c

1322 2204 1486 2241 Molliaque
1499 2201 1556 2231 διε.

1321 2258 1373 2283 aut

1322 2302 1510 2333 malefactum

1323 2363 1388 2382 cum

1325 2403 1491 2443 perhiberet

1325 2454 1401 2483 vires

1324 2501 1547 2542 reproehendere

1325 2553 1486 2590 animaeque

1326 2604 1389 2632 haec

1325 2652 1533 2683 conlabescunt

1327 2703 1397 2742 quin

1328 2751 1444 2792 perdita

1328 2801 1448 2839 dempto

1329 2860 1412 2879 omne

1329 2910 1424 2930 aemm

1570 643 1837 654 ’.ἐ-.-

1591 911 1688 941 nervis

1589 961 1690 995 Quare

1589 1010 1693 1050 ejectis

1589 1059 1753 1090 necesse'st

1589 1110 1746 1150 conjuncta
1758 1115 1806 1141 est

1589 1170 1656 1189 cum

1591 1208 1758 1239 Discidium

1593 1506 1770 1545 penitusque

1595 1555 1750 1584 Emanarit

1595 1609 1679 1644 putre

1595 1659 1665 1684 sunt

1595 1705 1700 1735 animae
1717 1708 1852 1735 manant-

1630 1766 1688 1794 que

1597 1815 1698 1835 omnes

1600 1853 1797 1893 Dispertitam

1600 1905 1643 1934 Et

1599 1959 1704 1985 enaret

1600 2005 1679 2038 Quin

1600 2054 1684 2086 fineis

1600 2103 1680 2133 deest

1603 2154 1644 2183 Et
1657 2153 1742 2192 quasi
1759 2152 1816 2182 &c-

1603 2203 1767 2242 Molliaque
1781 2201 1838 2231 διο.

1603 2258 1650 2283 est

1603 2303 1679 2333 male
1695 2303 1806 2332 factum

1603 2364 1670 2383 cum

1604 2403 1775 2444 perhibetur

1604 2455 1682 2484 vires

1606 2501 1779 2543 reprendere
1823 2501 1827 2505 ’

1606 2647 1803 2680 conlabefiunt

1607 2699 1678 2738 quin

1608 2747 1724 2788 prodita

1611 2797 1710 2832 demto

1611 2854 1724 2875 omnem

1613 2905 1707 2925 aevum
