1967 3314
344 306 437 347 352

485 508 687 531 rzmuxnus.

804 525 938 546 renota.

810 631 940 660 Veronoe.

832 722 914 750 1486.

756 810 892 840 dentibus

477 867 513 897 ad
527 870 632 896 auctus
758 870 776 888 a
789 858 914 888 dauctus

478 921 566 946 vento
759 912 848 936 vento

479 979 511 996 se
524 970 606 995 recta
761 968 793 986 se
805 961 887 986 reeta

480 1015 622 1055 patebant
762 1007 904 1048 parebant

482 1067 532 1096 Ne
545 1065 700 1104 quicquam
765 1057 814 1086 Ne
825 1056 963 1095 quiquam

481 1117 518 1146 ab
763 1107 800 1137 ab

482 1165 598 1197 succisa
764 1155 879 1186 succisa

484 1216 515 1246 Si
767 1206 797 1236 Si

483 1267 557 1297 satis
765 1256 845 1285 deest

485 1316 686 1345 Effer-vescere
767 1305 967 1335 Effervescere

421 1369 433 1375 ¹
485 1363 666 1394 Vulneribus
766 1353 948 1383 Vulneribus

485 1415 622 1445 reducere
766 1405 903 1434 reducere

482 1475 549 1495 esse
765 1465 850 1485 omne

483 1515 548 1545 luce
765 1505 830 1534 luce

766 1558 876 1584 mactat

769 1605 800 1633 Si

769 1654 799 1683 N
802 1663 839 1683 on
856 1652 983 1692 quierint

766 1703 863 1733 fueret

769 1759 831 1784 tum

769 1801 904 1833 vincendi

769 1854 867 1888 Quam

767 1902 863 1933 hostis

772 1952 865 1993 perire

772 2003 918 2032 vacabant

774 2052 804 2081 N
809 2052 887 2082 ixilis

774 2108 892 2143 tegmen

486 1663 594 1701 Neque
607 1659 684 1690 erint

486 1713 570 1743 fieret

487 1768 548 1792 tam

489 1810 604 1842 vicendi

491 2159 598 2188 serrum
612 2162 659 2187 est
774 2152 914 2182 sen-tumst

490 2212 632 2249 parantur

491 2258 569 2288 levia

775 2206 894 2243 paratur

775 2253 851 2283 levia

495 2308 600 2338 Insilia
778 2305 813 2334 In
828 2303 894 2333 silia

777 2353 857 2383 deest

777 2403 868 2433 radiis

778 2452 902 2492 capique

777 2501 915 2531 solertius

778 2550 858 2580 deest

779 2599 929 2640 Agricolae

497 2655 666 2686 mulieribus
779 2649 948 2679 mulieribus

395 2710 410 2717 ⁹
433 2710 449 2733 8
499 2707 609 2748 pariter
779 2700 890 2741 pariter

376 2760 450 2787 10³9
498 2757 638 2786 durarent
780 2750 921 2780 durarent

500 2805 549 2834 Ad
781 2800 830 2830 Ad

499 2854 623 2894 spetiem
781 2849 928 2889 specimen

500 2900 624 2931 cicatrix
781 2898 904 2929 cicatrix

499 2951 596 2981 baccae
783 2950 890 2980 buccas

733 472 857 492 eAULL's
868 471 1003 496 FsslDEN-
1026 467 1218 487 THEODORUS
1234 467 1274 486 ΒΕ

1035 520 1267 541 ΒΔΕΔΖΟΝΙΒΠΞ.

1089 622 1227 652 Venetiis.

1114 720 1195 748 1495.

1038 805 1174 834 dentibus

1041 867 1058 884 a
1071 856 1195 885 dauctus

1042 910 1129 934 vento

1044 965 1075 984 se
1089 959 1171 983 recta

1044 1004 1186 1044 parebant

1047 1053 1096 1082 Ne
1109 1052 1247 1092 quiquam

1046 1104 1084 1132 ab

1047 1153 1178 1183 succissa

1050 1207 1080 1235 Si

1049 1256 1128 1285 deest

1050 1306 1251 1335 Effervescere

1050 1355 1231 1385 Vulneribus

1049 1406 1188 1435 reducere

1049 1467 1133 1486 omne

1049 1507 1114 1536 lucc

1055 1657 1123 1687 Non
1138 1656 1266 1696 quierint

1052 1707 1148 1737 fueret

1053 1763 1115 1787 tum

1055 1805 1191 1835 vincendi

1055 1857 1152 1892 Quam

1056 1906 1150 1936 hostis

1055 1956 1150 1996 perire

1056 2004 1201 2034 vacabant

1058 2052 1171 2083 Nixilis

1058 2109 1175 2142 tegmen

1057 2152 1196 2181 ferrumst

1058 2205 1178 2240 paratur

1059 2250 1135 2280 levia

1061 2301 1096 2330 In
1111 2299 1195 2330 scilia

1061 2350 1140 2380 deest

1061 2399 1152 2430 radiis

1062 2451 1186 2491 capique

1063 2499 1201 2531 solertias

1062 2549 1142 2579 (leat

1063 2597 1214 2639 Agricolae

1063 2648 1231 2678 mulieribus

1065 2698 1175 2739 pariter

1063 2748 1204 2777 durarent

1065 2796 1114 2826 Ad

1065 2846 1213 2886 specimen

1066 2895 1189 2925 cicatrix

1066 2945 1175 2976 buccas

639 248 1091 340 VARIANTES
1138 281 1576 332 LECTIONES

1383 499 1495 520 Annus.

1397 719 1410 744 1
1416 719 1479 745 500.

1322 806 1419 835 dentis

1325 855 1468 884 adauctus

1325 910 1428 933 ventos

1324 958 1425 983 erecta

1325 1002 1466 1042 petebant

1328 1052 1533 1092 Nequicquam

1328 1103 1366 1132 ab

1330 1152 1447 1181 succisa

1333 1203 1363 1231 Si

1331 1252 1405 1282 satis

1331 1301 1523 1331 effervescere

1332 1352 1499 1383 vulneribus

1332 1403 1489 1432 redducere

1331 1462 1415 1481 omne

1335 1503 1427 1531 Lucae

1334 1556 1437 1582 mactae

1336 1603 1384 1631 Sic

1338 1653 1408 1682 Non
1422 1650 1549 1691 quierint

1335 1703 1432 1733 fueret

1337 1760 1398 1783 tarn

1339 1802 1474 1832 vincendi

1336 1854 1432 1888 Quam

1339 1902 1434 1932 hostis

1338 1952 1469 1992 perirent

1340 2001 1484 2031 vocabant

1342 2050 1460 2080 Nexilis

1339 2107 1457 2140 tegmen

1341 2150 1479 2179 ferrumst

1341 2202 1461 2238 paratur

1342 2247 1417 2276 levia

1346 2296 1449 2326 Insilia

1343 2345 1423 2375 deest

1344 2395 1419 2425 radii

1346 2456 1360 2474 s
1365 2445 1488 2484 capique

1346 2494 1482 2525 solertius

1345 2551 1393 2576 est

1347 2595 1497 2636 Agricola:

1347 2644 1536 2674 muliebribus

1346 2694 1457 2734 pariter

1346 2745 1488 2774 durarunt

1349 2794 1397 2824 Ad

1347 2843 1498 2882 specimen

1348 2893 1477 2922 creatrix

1349 2941 1450 2972 baccae

1613 446 1653 465 EX
1667 447 1831 466 'rvrocRA-

1586 499 1623 519 ΡΗ
1628 500 1637 519 Ι
1642 501 1660 519 Α
1677 499 1858 521 5001ΕΤΔ1Ὶδ

1625 554 1817 575 ΒΙΡΟΝΤΙΝΕ.

1605 808 1703 837 dentis

1607 856 1729 887 adactus

1607 911 1711 937 ventos

1608 963 1708 987 erecta

1608 1007 1749 1047 petebant
1800 1015 1803 1017 ·

1612 1055 1821 1096 Nequidquam

1611 1116 1630 1135 a

1612 1154 1728 1185 succisa

1614 1205 1662 1235 Sic

1612 1255 1687 1285 satis

1616 1304 1810 1335 Efferviscere

1615 1354 1795 1383 Volneribus

1615 1403 1773 1432 redducere

1615 1462 1699 1481 omne

1618 1501 1707 1530 Lucae

1617 1554 1721 1579 mactae

1620 1598 1668 1627 Sic

1620 1647 1692 1677 Non
1703 1646 1832 1686 quierint

1618 1697 1715 1727 fuerat

1623 1945 1717 1984 perire

1623 1995 1769 2025 vacabant

1624 2044 1743 2075 Nexilis

1623 2102 1740 2135 tegmen

1623 2145 1774 2173 ferrum'st

1623 2197 1765 2233 parantur

1625 2243 1710 2272 laevia

1628 2291 1733 2322 Insilia

1625 2348 1656 2372 et

1627 2391 1702 2422 radii

1627 2440 1766 2481 scapique

1628 2489 1778 2521 sollertius

1633 2637 1821 2670 muliebribus

1631 2689 1731 2730 potius

1631 2739 1772 2768 durarent

1631 2791 1675 2819 At

1630 2837 1779 2878 specimen

1631 2887 1760 2918 creatrix

1630 2938 1732 2969 baccae
