1967 3314
352 226 442 267 186
639 219 1097 271 VARIANT=ES
1137 222 1572 272 LECTJONES

738 402 857 423 PAULUS
872 403 1006 424 anEN—
1032 404 1222 426 'rut-:ononus
1237 405 1277 425 DE
1612 381 1651 401 Ex
1663 381 1827 403 TYPOGRA-

488 433 689 455 FERRANDUS'
801 457 938 478 PERGER.
1039 457 1270 479 RAGAzoxlncs.
1488 450 1495 457 '
1591 435 1669 455 PHlA
1685 435 1864 457 SOCOETAUS

1626 489 1822 510 tirannum.

475 529 723 536 -——-
733 531 1009 541 ———.
1300 531 1572 540 ———
1594 532 1858 538 ——-————

365 744 421 770 854
468 736 690 768 homoeomerian
752 744 983 774 homoeomerian
1038 742 1270 773 homoeomerian
1320 743 1475 779 ὄμοιομεςιαν
1608 735 1853 766 Homfl'ssmeriaffl

364 793 420 820 835
467 788 504 817 de
752 792 788 821 de
1037 792 1074 822 de
1322 801 1338 819 e
1606 798 1623 816 e

364 843 420 870 836
466 837 590 868 Ossibus
751 840 876 873 Ossibus
1038 842 1163 872 Ossibus
1320 840 1436 869 ossibus
1606 833 1728 864 Ossibu'

465 887 507 916 sic
520 892 550 916 et
563 888 600 916 de
750 889 794 918 sic
807 895 839 919 et
855 890 894 920 de
1037 892 1081 922 sic
1093 897 1124 922 et
1137 892 1174 921 de
1321 893 1351 918 et
1363 889 1407 918 sic
1420 888 1457 917 de
1606 883 1649 912 sic
1663 887 1693 912 et
1703 883 1741 913 (le

362 942 418 968 838
464 937 612 967 coeuntibu
619 931 623 938 “
750 941 921 970 coeuntibus
1035 942 1191 972 coeuntibu
1320 937 1492 967 coeuntibus
1607 933 1774 963 coeuntibu’

361 992 417 1021 85‘9
464 986 547 1016 micis
749 990 832 1019 nucis
1036 992 1120 1022 nucis
1321 985 1404 1015 micis
1606 982 1690 1012 micis

361 1041 417 1067 840
463 1039 572 1065 terram
749 1040 839 1069 terrai
1035 1044 1116 1070 terra
1321 1041 1430 1066 terram
1606 1037 1714 1063 ten-am

360 1090 413 1116 841
464 1085 588 1126 Ignibus
750 1087 874 1128 Ignibus
1037 1089 1144 1130 Igniex
1322 1086 1419 1126 ignem
1607 1083 1730 1124 Ignibus

462 1135 578 1175 exiguis
746 1146 783 1166 ex
798 1137 875 1177 ignis
1035 1149 1072 1169 ex
1086 1139 1165 1179 ignis
1320 1147 1357 1166 ex
1371 1135 1488 1176 ignibus
1605 1143 1642 1162 ΘΧ
1655 1133 1753 1173 ignem

461 1184 541 1214 deest
747 1184 828 1216 deest
1035 1189 1114 1218 deest
1321 1196 1358 1215 ex
1606 1195 1643 1214 ex

358 1239 415 1267 842
461 1235 577 1266 Caetera
746 1236 863 1267 Caetera
1036 1240 1156 1270 Caetera
1321 1240 1433 1266 caetera
1606 1235 1710 1265 Cetera

358 1289 414 1316 844
459 1285 489 1314 in
503 1295 570 1316 esse
746 1285 844 1317 inesse
1033 1289 1131 1319 inesse
1319 1295 1386 1314 esse
1604 1295 1672 1315 esse

357 1337 414 1367 846
459 1333 518 1364 illis
746 1335 805 1365 illis
1032 1337 1091 1367 illis
1318 1335 1361 1365 illi
1604 1334 1646 1364 illi

453 1383 524 1423 jura
740 1386 811 1426 jura
1032 1388 1076 1417 vir
1088 1388 1118 1417 in
1318 1395 1408 1425 supra
1603 1395 1710 1425 supera

459 1435 537 1474 quod
747 1437 824 1476 quod
1032 1448 1116 1477 quem
1318 1445 1392 1474 quos
1603 1445 1676 1474 quos

356 1491 412 1521 847
458 1484 615 1515 imbecillia
744 1485 890 1517 imbecilla
1032 1487 1177 1517 imbecilla
1318 1483 1463 1514 imbecilla
1602 1487 1748 1517 imbecilla

355 1541 411 1568 848
458 1545 523 1574 quae
745 1546 802 1575 que
1031 1546 1088 1575 que
1318 1546 1384 1574 quae
1603 1545 1671 1575 quae

456 1584 573 1623 predita
744 1585 861 1625 predjta
1030 1584 1146 1624 predita
1316 1583 1445 1623 praedita
1602 1586 1730 1626 praedita

354 1637 411 1668 850
456 1633 586 1664 refrenat
743 1635 874 1666 refrenat
1031 1633 1160 1664 refrenat
1316 1632 1446 1661 refrenat
1602 1634 1744 1665 refraenat

353 1691 410 1717 852
456 1681 564 1713 efficiat
743 1685 853 1716 efficiat
1029 1684 1144 1724 effigiat
1315 1681 1440 1722 effugiat
1601 1684 1726 1725 effugiat

456 1729 515 1761 laeti
744 1734 808 1764 laeti
1029 1733 1090 1763 laeti
1315 1731 1367 1761 leti
1601 1733 1675 1763 lethi

454 1782 589 1813 centibus
742 1784 866 1815 coetibus
1028 1782 1152 1813 coetibus
1313 1781 1439 1811 coetibus
1599 1782 1736 1813 dentibus

351 1836 408 1866 853
448 1833 577 1877 ¹sanguis
741 1834 864 1875 sanguis
1028 1832 1183 1873 sanguinis
1313 1830 1467 1871 sanguinis
1602 1833 1738 1873 Sanguen
1746 1834 1762 1864 Ρ
1780 1844 1818 1864 an

453 1883 563 1913 omoios
740 1892 822 1913 omos
1027 1882 1064 1912 ad
1078 1892 1132 1912 nos
1313 1880 1351 1910 ad
1364 1890 1417 1910 nos
1597 1893 1668 1912 ossa

350 1939 407 1965 854
454 1931 542 1963 Nihil
741 1932 828 1962 Nihil
1029 1931 1117 1961 Nihil
1313 1929 1369 1959 Nil
1599 1931 1654 1962 Nil

350 1988 406 2014 855
453 1992 519 2021 quae
739 1992 798 2022 que
1026 1981 1092 2021 quel
1312 1988 1381 2017 quae
1597 1991 1666 2020 quae

349 2036 406 2064 856
452 2035 559 2062 cuncta
738 2036 846 2062 cuncta
1028 2035 1136 2061 cuncta
1311 2028 1390 2058 victa
1597 2031 1677 2061 victa

349 2085 406 2114 860
451 2091 584 2121 sanguen
738 2090 871 2120 sanguen
1024 2090 1166 2120 sang-uem
1309 2087 1442 2118 sanguen
1595 2091 1729 2120 sanguen

349 2138 362 2163 1
368 2135 405 2164 86
451 2130 531 2161 deest
737 2129 817 2159 deest
1024 2130 1102 2160 deest
1308 2127 1389 2158 deest
1588 2129 1630 2158 Et
1639 2139 1743 2159 nervos
1753 2130 1851 2161 alieni-

1421 2215 1443 2232 α
1612 2179 1696 2219 genis
1710 2189 1747 2208 ex
1760 2180 1851 2220 parti—

1612 2228 1666 2258 bus
1680 2239 1747 2259 esse

348 2288 404 2317 862
452 2279 522 2310 Sine
739 2278 809 2309 Sine
1025 2280 1095 2310 Sine
1309 2280 1378 2310 Sive
1595 2277 1663 2307 Sive

449 2329 516 2359 cibo
737 2329 803 2359 cibo
1023 2330 1090 2359 cibo
1307 2330 1388 2359 cibos
1591 2328 1673 2358 cibos

450 2378 544 2409 omnis
736 2379 830 2409 omnis
1023 2380 1118 2410 omnis
1306 2380 1417 2409 omneis
1591 2379 1702 2408 omneis

450 2429 608 2460 commixto
736 2430 895 2459 commixto
1023 2431 1181 2461 commixto
1308 2429 1461 2460 commisto
1591 2428 1744 2458 commisto

347 2485 403 2514 864
449 2484 607 2520 partesque
734 2483 894 2520 pestesque
1023 2485 1184 2520 partesque
1306 2479 1475 2519 parteisque
1590 2477 1760 2517 parteisque

346 2535 402 2568 867
449 2529 597 2569 saniaeque
737 2530 879 2570 sanisque
1021 2530 1162 2571 sanisque
1307 2529 1447 2570 venisque
1591 2527 1731 2568 venisque

449 2579 542 2609 mixta
733 2581 827 2610 mixta
1021 2581 1116 2610 mixta
1306 2579 1394 2609 misto
1591 2578 1680 2608 misto

347 2634 403 2663 868
449 2639 628 2669 quaecunque
734 2639 907 2671 quecunque
1021 2639 1194 2671 quecunque
1305 2639 1486 2670 quaecunque
1589 2637 1772 2667 quaecunque

346 2684 402 2714 869
449 2682 558 2707 terram
735 2685 847 2710 terram
1020 2683 1128 2709 terram
1305 2683 1400 2709 terras
1590 2681 1685 2706 terras

450 2738 569 2758 necesse
581 2733 628 2760 est
734 2735 889 2762 necessest
1020 2733 1172 2760 necessest
1305 2733 1456 2760 necessest
1591 2726 1756 2757 necesse'st

345 2783 403 2813 870
448 2789 513 2818 quae
735 2792 793 2821 que
1020 2788 1078 2818 que
1304 2789 1372 2818 quae
1589 2786 1657 2817 quae

345 2833 401 2863 873
447 2828 612 2858 consistant
735 2835 872 2862 constant
1019 2832 1157 2860 constant
1303 2829 1468 2859 consistant
1588 2825 1752 2856 consistant

449 2888 572 2910 necesse
583 2883 630 2910 est
736 2891 856 2913 necesse
868 2885 917 2912 est
1020 2889 1141 2911 necesse
1151 2883 1199 2910 est
1303 2883 1454 2910 necessest
1589 2876 1751 2908 necesse‘st
