1967 3314
319 281 414 329 378
613 276 1065 325 VARIANTES
1111 276 1546 328 LECTIONES

1590 439 1632 459 EX
1643 440 1791 461 TYPOGRA
1798 451 1809 458 ·

1568 493 1644 514 PHIA
1660 493 1840 515 soclmans

715 460 836 480 PAULUS
851 459 972 480 numm
1011 459 1203 482 mammenus
1217 461 1258 481 DE

783 514 920 535 :FERGER-

464 489 641 511 rtanaxnu
648 492 670 511 S-

1366 495 1478 516 ALDL'S.

1009 513 1250 535 RAGAzoxlnus.

1608 547 1803 568 mrowrmze.

506 615 633 646 Brixiae.
1069 619 1210 650 Venetiis.
1350 620 1488 651 Venetiie.
1638 619 1772 661 Bt'ponti.

353 662 395 692 V.

474 706 548 735 Sine
561 707 658 736 Anno.
810 710 895 737 1486.
1096 713 1179 742 1495.
1378 713 1460 738 1500.
1663 714 1676 740 1
1683 713 1748 743 782.

345 799 401 828 611
450 797 583 827 volantes
733 798 866 827 volantes
1018 798 1151 829 volantes
1302 798 1446 828 volanteis
1586 799 1731 829 volanteis

345 849 404 878 612
450 856 516 885 quae
734 858 791 887 que
1019 858 1084 886 quae
1302 858 1368 886 quae
1587 859 1653 888 quae

346 899 403 927 613
449 895 546 925 fontes
733 896 831 926 fontes
1019 896 1115 927 fontes
1302 898 1410 927 fonteis
1586 897 1694 927 fonteis

345 947 404 976 614
453 945 546 973 Gutte
734 945 830 974 Gutta.
1019 946 1114 975 Gutta
1303 948 1411 976 Guttax
1588 946 1695 976 Guttai

451 993 532 1022 deest
734 995 772 1024 ad
1019 996 1056 1025 ad
1303 996 1341 1025 ad
1588 996 1625 1026 ad

346 1049 403 1077 615
453 1053 533 1072 mare
560 1046 608 1072 est
633 1042 687 1072 mi·
734 1055 815 1074 mare
842 1048 889 1074 est
915 1045 969 1074 mi·
1019 1056 1098 1075 mare
1129 1050 1177 1076 est
1202 1046 1255 1075 mi-
1303 1050 1351 1075 est
1363 1045 1468 1075 mirum
1481 1055 1539 1074 ma·
1587 1050 1635 1076 est
1651 1045 1755 1075 mirum
1768 1055 1830 1075 ma-

485 1102 548 1121 rum
767 1104 830 1123 rum
1051 1106 1114 1125 rum
1336 1106 1368 1126 re
1620 1106 1651 1125 re

346 1147 404 1176 616
453 1141 594 1172 Preterea
737 1143 889 1173 Praeterea
1022 1146 1171 1175 Praeterea
1307 1145 1460 1175 Praeterea
1591 1146 1743 1176 Praeterea

453 1191 497 1221 sol
511 1201 649 1232 magnam
735 1193 780 1223 sol
793 1203 929 1234 magnam
1020 1195 1064 1225 sol
1081 1205 1218 1236 magnam
1304 1194 1349 1224 sol
1363 1204 1500 1234 magnam
1590 1206 1726 1236 mag-nam
1740 1194 1785 1225 sol

347 1247 404 1279 617
453 1246 553 1272 vestes
736 1249 836 1273 vestes
1021 1250 1122 1276 vestes
1306 1244 1417 1275 vesteis
1590 1245 1700 1276 vesteis

453 1291 599 1322 madentis
736 1294 882 1324 madentis
1021 1296 1168 1326 madentis
1304 1295 1468 1325 madenteis
1590 1294 1754 1325 madenteis

347 1347 405 1375 618
455 1343 600 1372 Exiccare
738 1344 882 1374 Exiccare
1023 1345 1168 1374 Exiccare
1307 1345 1442 1375 exiccare
1591 1344 1754 1374 Exsiccare

452 1392 619 1422 ardentibu'
736 1393 907 1424 ardentibus
1022 1394 1192 1423 ardentibus
1304 1394 1477 1424 ardentibus
1589 1392 1757 1423 ardentibu'

346 1446 404 1477 619
453 1443 497 1471 At
737 1442 787 1471 Ad
1022 1443 1071 1472 Ad
1304 1446 1349 1474 At
1589 1445 1634 1472 At

452 1491 551 1532 pelagi
734 1492 834 1533 pelagi
1022 1492 1120 1532 pelagi
1304 1492 1402 1533 pelagi
1591 1492 1704 1533 Pelage

453 1541 606 1570 substrata
736 1542 791 1571 snb
805 1547 902 1571 strata
1022 1543 1077 1571 sub
1091 1547 1187 1572 strata
1304 1542 1458 1572 substrata
1590 1543 1743 1572 substrata

347 1595 406 1623 620
455 1590 582 1619 Proinde
738 1591 865 1619 Proinde
1025 1592 1151 1622 Proinde
1306 1590 1432 1620 Ptoinde
1592 1590 1720 1620 Proinde

347 1645 405 1673 62⁴2
455 1640 598 1679 Largitus
738 1639 881 1679 Largitus
1023 1641 1166 1681 Largitus
1305 1641 1418 1681 largius
1590 1639 1731 1679 Largiter

453 1691 583 1721 auferret
735 1688 851 1719 auferet
1021 1691 1118 1721 aufert
1305 1691 1420 1721 auferet
1589 1689 1705 1720 auferet

347 1744 404 1772 623
453 1750 570 1779 quoque
601 1751 684 1781 mag·
735 1749 851 1778 quoque
883 1748 966 1778 mag·
1022 1751 1138 1780 quoque
1172 1751 1255 1781 mag·
1305 1751 1426 1781 quoque
1458 1751 1541 1781 mag·
1589 1748 1727 1780 magnam
1753 1748 1827 1779 quo·

486 1801 553 1820 nam
767 1800 835 1819 nam
1054 1800 1121 1819 nam
1337 1802 1405 1821 nam
1621 1799 1679 1829 que

348 1844 406 1871 624
454 1845 604 1870 vertentes
737 1843 887 1869 vertentes
1022 1844 1171 1870 vertentes
1304 1846 1456 1872 verrentes
1588 1842 1738 1869 verrentes

454 1890 536 1920 venti
737 1890 819 1919 venti
1021 1889 1102 1918 venti
1305 1892 1388 1931 ponti
1589 1889 1672 1929 ponti

348 1943 404 1970 625
454 1950 520 1969 cum
735 1951 801 1970 cum
1020 1950 1086 1968 cum
1305 1941 1444 1981 quoniam
1589 1939 1726 1979 quoniam

455 2000 588 2030 persaepe
737 2000 861 2030 persepe
1021 1998 1147 2028 persepe
1306 2001 1436 2031 persaepe
1522 2011 1540 2025 ,-
1591 1999 1729 2029 persaepe

348 2044 405 2071 626
454 2039 609 2078 mollisque
737 2039 891 2078 mollisque
1021 2037 1175 2076 mollisque
1305 2039 1419 2069 molleis
1434 2050 1491 2080 que
1521 2024 1544 2065 ’.ἷῖ
1590 2038 1745 2078 mollisque

348 2093 405 2124 627
454 2089 546 2117 nubes
738 2089 830 2117 nubes
1022 2088 1114 2117 nubes
1306 2089 1409 2118 nubeis
1590 2088 1693 2118 nubeis

348 2143 406 2171 628
453 2148 570 2177 aequore
738 2147 848 2175 equore
1021 2147 1130 2176 equore
1306 2150 1424 2179 aequore
1589 2147 1705 2177 aequore

349 2193 406 2223 629
454 2187 533 2217 orbis
736 2186 816 2216 orbis
1021 2187 1101 2216 orbis
1305 2190 1375 2218 orbe
1589 2187 1659 2215 orbe

348 2243 406 2271 632
455 2237 612 2277 conjuncta
625 2239 672 2265 est
737 2236 895 2275 conjuncta
1023 2236 1179 2275 conjuncta
1306 2238 1494 2277 conjunctast
1591 2236 1762 2276 conjunctas

455 2297 522 2317 oras
738 2289 835 2314 storas
1022 2290 1119 2315 stores
1305 2297 1372 2317 oras
1590 2295 1657 2314 oras

455 2336 551 2377 magis
738 2335 834 2374 magis
1022 2334 1118 2375 magis
1305 2338 1401 2378 magis
1591 2334 1680 2364 maris

455 2387 577 2427 cingens
739 2394 852 2423 augens
1023 2393 1136 2423 augens
1306 2387 1429 2427 cingens
1591 2384 1686 2425 cingit

348 2441 406 2469 634
455 2441 535 2466 terra
739 2437 818 2463 terra
1023 2438 1103 2464 terra
1306 2441 1401 2466 terras
1591 2438 1686 2464 terras

455 2486 496 2516 sit
738 2484 782 2513 sic
1022 2483 1065 2512 sic
1307 2485 1389 2516 deest
1590 2483 1671 2514 decet

455 2536 532 2566 idem
738 2532 816 2562 idem
1022 2532 1099 2562 idem
1306 2536 1408 2567 itidem
1590 2535 1692 2565 itidem

454 2595 570 2625 aequore
738 2592 848 2621 equore
1022 2593 1131 2622 equore
1304 2596 1422 2625 aequore
1590 2595 1707 2624 aequore

349 2639 405 2670 637
454 2636 530 2666 mole
739 2632 806 2661 inde
1021 2634 1090 2663 inde
1305 2635 1375 2666 inde
1590 2635 1659 2664 inde

455 2686 532 2715 redit
738 2682 835 2712 reddit
1022 2683 1120 2713 reddit
1306 2685 1383 2716 redit
1591 2684 1669 2714 redit

457 2736 574 2776 agmine
737 2733 855 2773 agmine
1022 2733 1141 2774 agmine
1306 2735 1445 2776 augmine
1591 2733 1709 2775 agmine

349 2786 406 2817 639
455 2786 495 2815 sit
738 2781 773 2811 fit
1022 2783 1063 2813 sit
1307 2784 1348 2815 sit
1592 2784 1634 2814 sit

453 2834 554 2864 fauces
738 2831 839 2861 fauces
1022 2832 1123 2862 fauces
1307 2834 1420 2865 fauceis
1592 2833 1707 2864 fauceis

454 2884 552 2913 AEtnae
737 2883 843 2912 aethnae
1026 2883 1126 2912 ae·thne
1311 2885 1410 2914 athnae
1593 2883 1692 2912 AEtnae

346 2934 405 2963 640
454 2932 601 2974 Expirent
741 2932 887 2973 Expirent
1024 2932 1174 2972 Expirent
1311 2934 1448 2974 expirent
1595 2932 1756 2973 Exspirent

1007 2979 1024 2987 u—

1004 2987 1023 3005 ι)
