1967 3314
501 208 719 259 LIBRI
754 204 1110 257 SECUNDI.
1498 212 1592 259 207

1334 365 1375 385 EX
1388 365 1535 388 TYPOGRA
1543 380 1553 385 -

459 394 580 414 PAULUS
596 394 729 414 FRIDEN-
755 392 945 412 THEODORUS
960 391 1001 410 DE:

212 423 412 447 FERRANDUS.
1111 422 1223 442 ALDUS.
1310 419 1389 438 PHIA
1405 420 1584 442 SOCIETATIS

528 449 664 470 PERGER.
762 445 996 467 RAGAZONIBUS.

1353 472 1548 494 mroNTmAE.

250 549 376 579 Brixiae.
525 551 656 581 Veronae.
813 550 951 581 Venetiis.
1096 547 1233 578 Venetiis.
1384 545 1517 586 Biponti.

217 638 290 668 Sine
303 639 399 668 Anno.
555 644 639 671 1486.
839 643 921 672 1495.
1123 639 1204 666 1500,
1410 639 1493 669 1782.

191 723 292 749 creata
304 723 351 748 est
476 723 576 748 creata
589 723 636 749 est
761 722 860 748 creata
873 722 920 748 est
997 724 1001 728 ’
1045 719 1145 744 creata
1158 718 1206 744 est
1330 715 1471 746 creata'st

192 771 257 798 Aut
476 769 540 797 Aut
760 769 825 797 Aut
1045 766 1090 794 At
1330 768 1374 796 At

192 822 330 848 constant
475 823 593 847 constat
760 822 879 847 constat
1045 819 1163 845 constat
1329 819 1448 845 constat

191 868 326 907 squalore
476 869 613 908 squalore
761 870 896 908 squalore
1045 864 1194 904 squallore
1329 865 1465 904 squalore

190 922 308 957 reperta
320 922 367 948 est
476 923 623 958 repertast
760 924 906 958 repertast
1044 917 1192 953 repertast
1329 913 1488 954 reperta’st

191 977 259 1006 quae
475 979 533 1007 que
759 980 815 1008 que
1045 974 1110 1003 quae
1328 975 1394 1004 quae

185 1017 249 1056 jam
475 1029 542 1048 rara
758 1029 826 1048 rara
1042 1016 1105 1054 jam
1323 1016 1387 1055 jam

191 1065 269 1095 levia
475 1069 552 1098 levia
758 1068 836 1098 levia
1044 1063 1122 1093 levia
1328 1064 1414 1093 laevia

191 1115 376 1145 mucronibus
473 1119 653 1148 muttonibus
758 1118 939 1147 muttonibus
1044 1113 1230 1143 mucronibus
1328 1113 1515 1142 mucronibus

190 1175 323 1204 uncaque
473 1177 548 1195 unca
757 1177 833 1196 unca
1044 1174 1120 1192 unca
1330 1174 1406 1192 unca

190 1225 227 1244 an
243 1215 326 1255 gelus
471 1215 619 1255 angululis
758 1216 906 1256 ang-ululis
1044 1213 1193 1253 angululis
1330 1212 1478 1252 angululis

189 1266 269 1295 deest
472 1278 554 1305 aeque
758 1276 843 1305 aeque
1044 1268 1075 1293 et
1091 1274 1156 1302 quae
1330 1267 1361 1291 et
1374 1273 1438 1301 quae

188 1314 313 1343 Tltilare
471 1317 608 1346 Titillare
757 1315 894 1345 Titillare
1043 1311 1181 1341 Titillare
1329 1310 1466 1340 Titillare

188 1363 285 1392 ledere
472 1366 569 1396 ledere
756 1366 855 1394 ledere
1044 1361 1150 1391 laedere
1329 1360 1436 1390 laedere

188 1413 303 1453 possint
473 1416 588 1456 possint
757 1416 871 1455 pOSSillt
1044 1412 1159 1451 POSSint
1329 1414 1455 1450 Possunt

189 1461 300 1492 Fecula
476 1465 585 1495 Fecula
759 1465 869 1494 Fecula
1046 1461 1155 1491 Fecula
1333 1459 1455 1488 Faecula

187 1524 294 1553 genere
308 1518 356 1543 est
473 1525 580 1554 genere
593 1519 640 1545 est
756 1525 866 1555 genere
880 1519 927 1544 est
1043 1521 1152 1551 genere
1165 1516 1212 1540 est
1327 1507 1477 1548 genere’st

188 1562 305 1601 vinique
473 1564 591 1604 vinique
758 1565 875 1604 vinique
1044 1561 1162 1600 vinique
1329 1558 1480 1597 Inulaeque

188 1611 273 1651 ignes
473 1614 557 1654 ignes
758 1615 842 1655 ignes
1042 1611 1137 1651 igneis
1328 1608 1423 1648 igneis

189 1660 350 1699 pruivinam
472 1664 606 1703 pruinam
757 1665 892 1704 pruinam
1043 1660 1176 1699 pruinam
1328 1658 1461 1697 pruinam

187 1714 304 1739 tentata
474 1718 590 1742 tentata
756 1716 873 1742 tentata
1043 1713 1160 1738 tentata
1327 1708 1450 1736 dentata

189 1759 326 1799 Corporis
475 1763 605 1802 Corpore
758 1762 887 1801 Corpore
1044 1758 1181 1798 Corporis
1328 1756 1466 1796 Corporis

189 1809 293 1838 inditio
474 1812 580 1841 inditio
758 1811 862 1840 inditio
1043 1807 1153 1836 indicio
1328 1806 1436 1834 indicio

190 1859 327 1899 Corporis
474 1862 603 1902 Corpore
760 1860 890 1900 Corpore
1044 1856 1181 1896 Corporis
1329 1854 1466 1894 Corporis

189 1920 256 1939 esse
473 1922 540 1941 esse
757 1919 824 1938 esse
1043 1912 1091 1937 est
1327 1909 1374 1934 est

189 1969 255 1988 cum
473 1971 542 1999 qum
757 1969 826 1997 qum
1044 1969 1109 1987 cum
1327 1965 1393 1983 cum

83 2015 141 2044 436
189 2018 255 2036 cum
473 2021 542 2049 qum
756 2019 826 2047 qum
1044 2018 1110 2036 cum
1327 2014 1393 2033 culn

188 2056 261 2087 ledit
474 2059 553 2089 laedit
756 2058 841 2088 laedit
1045 2057 1124 2087 laedit
1328 2054 1410 2083 laedit

188 2111 259 2136 nata
271 2112 319 2137 est
472 2112 574 2138 natast
756 2112 857 2137 natast
1043 2111 1144 2137 natast
1328 2103 1441 2133 nata’st

84 2167 140 2196 437
187 2157 326 2197 gradiens
472 2159 611 2199 gradiens
755 2158 894 2198 gradiens
1042 2157 1209 2197 ingrediens
1326 2153 1481 2193 egrediens=

187 2206 326 2246 genitalis
471 2208 611 2249 genitalis
755 2205 894 2246 genitalis
1043 2206 1200 2247 genitaleis
1326 2203 1483 2243 genitaleis

189 2256 303 2285 veneris
475 2269 579 2288 venere
756 2267 861 2286 venere
1043 2258 1157 2287 veneris
1327 2253 1442 2282 veneris

84 2314 142 2340 438
188 2305 301 2334 offensa
472 2308 602 2337 offenssa
756 2307 869 2335 offensa
1042 2308 1154 2337 offensa
1326 2303 1440 2333 offensu

189 2365 253 2383 cum
474 2368 542 2396 qum
757 2365 826 2393 qum
1043 2367 1107 2385 cum
1325 2364 1390 2382 cum

85 2413 143 2442 439
189 2403 371 2434 confundunt
474 2407 655 2436 confundunt
757 2404 939 2433 confundunt
1041 2405 1223 2435 confundunt
1326 2401 1566 2442 confuuduntque

190 2453 305 2483 concita
474 2456 590 2485 concita
757 2454 868 2482 tons-ita
1043 2455 1160 2484 concita
1325 2451 1441 2480 convita

84 2513 142 2538 440
189 2505 323 2545 quamvis
475 2516 598 2544 quamus
757 2513 880 2541 quamus
1043 2504 1176 2543 quamvis
1326 2500 1461 2540 quamvis

183 2556 248 2595 jam
475 2555 555 2584 deest
759 2551 838 2581 deest
1036 2555 1099 2594 jam
1325 2552 1389 2591 jam

189 2605 319 2645 corporis
474 2615 595 2644 corpore
759 2612 879 2641 corpore
1042 2604 1171 2644 corporis
1325 2601 1456 2641 corporis

84 2660 140 2686 441
189 2660 279 2695 atque
476 2660 565 2694 atque
759 2658 849 2693 atque
1044 2659 1133 2693 atque
1325 2664 1407 2692 aeque

84 2710 142 2735 442
190 2716 310 2735 necesse
328 2709 375 2735 cst
475 2708 627 2734 necessest
761 2708 912 2734 necessest
1045 2708 1197 2733 necessest
1327 2702 1489 2733 nccesse'st

188 2756 275 2785 edere
475 2754 569 2784 aedere
759 2753 854 2782 aedere
1045 2753 1150 2782 laedere
1301 2758 1304 2763 '
1326 2753 1413 2783 edere

84 2809 142 2833 444·
189 2815 257 2844 quae
474 2815 531 2844 que
760 2812 818 2840 que
1045 2814 1110 2842 quae
1327 2813 1392 2842 quae

85 2858 141 2883 445
192 2855 259 2884 Hec
478 2855 543 2884 Hcc
763 2853 842 2881 Haec
1048 2854 1123 2882 Haec
1331 2852 1405 2882 Haec

189 2915 255 2935 esse
476 2903 556 2934 deest
760 2902 841 2933 deest
1045 2913 1113 2933 esse
1327 2912 1393 2931 esse
