1967 3314
642 232 854 282 LIBRI
895 231 1140 281 SEXTI.
1545 238 1640 280 363

1376 389 1418 409 EX
1429 390 1595 412 TYPOGRA-

1349 443 1428 463 PRIA
1444 444 1624 466 soen-:TATIS

1390 498 1586 520 BIPONTmAE.

491 415 613 436 PAULUS
628 414 765 436 PBDEN-

561 468 701 491 PERGER..

788 415 982 438 THEODOBUS
995 414 1037 435 DE

794 469 1030 491 RAGAzoNIBUS.

240 446 444 470 FERRANDUS.

275 571 404 602 Brixiae.
1127 568 1266 599 Venetiis.
1418 571 1556 612 Biponti.

565 573 696 605 Veram.
767 563 773 639 ยน
848 573 986 603 Venetis.

247 661 322 691 Sine
335 662 434 692 Anno.

792 751 934 782 tonitrum

226 751 338 782 tonitru
508 755 650 785 tonitrum

228 800 254 829 E
511 805 553 834 Et
795 800 838 830 Et

225 849 307 879 deest
509 854 591 884 deest
794 850 876 880 deest

225 899 367 930 fervescit
510 904 652 934 fervescit
794 900 934 930 fervescit
1079 896 1220 926 fervescit
1365 898 1499 929 serviscit

147 968 154 983 ,
168 968 175 983 โด
227 949 432 979 Percalefacta
513 953 571 982 Per
583 953 729 983 calefacta
797 950 855 980 Per
869 949 1014 980 calefacta
1080 957 1132 987 per
1148 945 1295 975 calefacta
1367 947 1574 978 Percalefacta

226 999 380 1029 ardescere
511 1002 549 1032 ad
562 1007 657 1032 estem
795 1000 834 1030 ad
848 1004 943 1030 estem
1080 996 1234 1026 ardescere
1365 998 1522 1028 ardescere

225 1049 356 1089 quiescit
510 1052 638 1091 quiescit
795 1050 921 1090 quiescit
1080 1045 1218 1085 liquescit
1365 1047 1505 1087 liquescit

225 1110 290 1129 cum
510 1112 580 1141 qum
795 1110 864 1140 qun
1079 1107 1146 1125 cum
1364 1108 1430 1127 cum

225 1149 368 1190 perscidit
510 1151 673 1190 perscindit
794 1149 959 1189 perscindit
1079 1145 1222 1185 perscidit
1365 1146 1511 1186 perscidit

226 1200 367 1240 Dissipat
512 1202 651 1241 Dissipat
796 1198 934 1238 Dissipat
1079 1194 1206 1234 dissipat
1367 1196 1518 1236 Dissupat

225 1259 294 1289 quae
510 1261 567 1290 que
794 1258 860 1287 quae
1078 1255 1144 1283 quae
1365 1254 1434 1284 quae

224 1298 371 1329 nictantia
510 1300 654 1330 victantia
794 1297 938 1328 vit-tantia
1080 1292 1224 1322 nictantia
1366 1294 1511 1323 nictantia

224 1348 327 1378 adlicit
509 1350 548 1379 ad
561 1349 626 1379 licit
794 1346 832 1374 ad
846 1345 910 1375 licit
1078 1342 1180 1371 adlicit
1365 1342 1470 1371 adlicit

222 1397 305 1427 auris
508 1399 588 1428 auris
792 1395 874 1425 auris
1079 1391 1176 1421 aureis
1366 1391 1464 1421 aureis

223 1456 292 1487 quae
793 1456 859 1484 quae
1079 1452 1146 1481 quae
1363 1452 1432 1482 quae

222 1497 373 1527 oculorum
792 1493 944 1524 oculorum
1079 1491 1230 1520 oculorum
1364 1490 1467 1521 oculos

224 1551 326 1577 nostra
794 1548 897 1573 nostra
1081 1546 1186 1570 nostra
1366 1545 1484 1570 nostros

224 1595 325 1625 densis
794 1593 912 1623 denssis
1079 1590 1180 1619 densis
1366 1590 1468 1620 densis

225 1644 279 1675 alti
795 1641 844 1670 ala
1080 1640 1141 1669 alte
1365 1640 1425 1671 alte

225 1692 383 1723 Extruetis
796 1690 952 1721 Extructis
1080 1689 1224 1719 extructis
1368 1687 1542 1720 Exstructis

795 1740 872 1769 miro
1080 1739 1153 1769 miro
1366 1740 1440 1769 miro

796 1790 847 1819 Ne
1082 1789 1149 1818 Nec
1368 1789 1435 1818 Nec

793 1839 891 1870 fraudi
1078 1839 1176 1868 fraudi
1365 1838 1463 1868 fraudi

794 1889 902 1918 inferre
1079 1889 1187 1918 inferre
1366 1889 1479 1918 inferne

794 1939 838 1968 sic
1080 1940 1120 1969 sit
1366 1939 1427 1968 sint

793 1987 922 2017 extricta
1079 1991 1216 2018 extructa
1365 1990 1521 2017 exstructa

794 2038 872 2076 quod
1080 2037 1158 2076 quod
1366 2037 1436 2076 quid

793 2091 898 2116 extent
1078 2090 1183 2115 extent
1365 2089 1485 2116 exstent

508 2139 676 2169 assimilata
794 2136 970 2166 assimulata
1079 2135 1244 2166 assimilata
1365 2134 1535 2165 adsimilata

510 2190 555 2218 At
795 2191 839 2218 At
1079 2187 1144 2214 Aut
1365 2186 1429 2214 Aut

511 2238 618 2268 montis
793 2238 901 2268 montis
1079 2234 1206 2264 monteis
1364 2234 1490 2265 monteis

510 2287 659 2317 cumulata
794 2287 943 2318 cumulata
1077 2285 1186 2314 collata
1363 2282 1514 2313 cumulata

511 2336 633 2366 violebis
794 2337 918 2366 violebis
1079 2332 1193 2362 videbis
1364 2333 1478 2363 videbis

510 2387 632 2426 vig-nere
795 2387 916 2426 viguere
1077 2392 1184 2422 urgere
1364 2392 1470 2422 urgere

795 2435 962 2465 Instatione
1079 2433 1115 2461 In
1128 2432 1257 2462 statione
1366 2432 1402 2460 In
1414 2430 1544 2460 statione

856 2484 862 2490 โ
1079 2482 1208 2521 undique
1363 2481 1491 2520 undique

1079 2531 1158 2560 Tum
1365 2533 1443 2562 Tum

1079 2582 1171 2611 moles
1364 2581 1467 2612 moleis

229 2634 419 2677 pendentibuโ
513 2631 708 2672 pendentibus
794 2633 990 2674 pendentibus
1079 2632 1273 2672 pendentibus
1364 2631 1555 2672 pendentibu'

229 2690 408 2726 tempestate
514 2687 662 2722 potestate
795 2687 944 2723 potestate
1080 2685 1257 2722 tempestate
1364 2686 1543 2723 tempestate

229 2738 353 2766 cohorta
514 2737 615 2762 coorta
797 2738 899 2762 coorta
1081 2735 1183 2761 coorta
1365 2738 1466 2763 coorta

228 2785 365 2815 fremitus
512 2782 647 2812 fremitur
796 2782 931 2812 fremitur
1080 2781 1214 2810 fremitus
1363 2783 1500 2813 fremitus

230 2836 462 2873 Quaerentesque
513 2833 738 2872 Querentesque
797 2832 1030 2870 Quaerentesque
1081 2831 1318 2870 Quaerentesque
1365 2833 1603 2871 Quaerentesque

228 2884 407 2916 oonvolvunt
515 2883 728 2914 convolvuntur
798 2881 1012 2912 convolvuntur
1081 2879 1260 2911 convolvunt
1367 2881 1547 2913 convolvunt
