1967 3314
334 271 429 317 174·
624 261 1085 315 VARIANTES
1133 257 1571 311 LECTIONES

1604 422 1622 442 E
1626 423 1644 442 X
1657 423 1674 443 T
1678 424 1820 447 YPOGRA.

724 451 786 470 PAU
793 450 849 471 Lus
862 451 994 475 rumex,
1022 449 1213 469 THEononus
1227 449 1268 468 De

476 481 677 503 FRRRANDL'S.
1375 479 1487 499 ALDUS.
1577 486 1654 505 PHIA
1671 485 1835 506 socuz‘rATx

796 506 930 527 PERGER.
1025 502 1260 523 RAGAzONnms.

1618 541 1810 562 BIPOSTINAE.

802 609 930 641 Veronae,
1082 600 1218 635 Venerii-5⁸.
1283 590 1288 669 Ι
1361 605 1496 636 Venelli&
1647 614 1780 655 prontl'.

485 699 558 729 Sine
570 701 669 732 Anno.

1283 680 1290 765 1
1390 703 1470 729 1500.

460 790 563 821 fronde

462 841 535 870 Cum

461 892 541 921 aliud

460 941 554 970 omnis

459 990 487 1020 si

460 1040 600 1080 pugnaris

459 1091 618 1122 recesseris

462 1142 531 1172 Hoc

460 1192 497 1221 de
512 1192 601 1232 plano

459 1243 565 1272 hastus

459 1303 476 1322 e

459 1342 589 1372 fontibus

1029 792 1132 822 fronde
1314 789 1416 820 fronde
1597 797 1702 826 frunde

1031 843 1107 877 Qum
1315 841 1388 870 Cum
1600 846 1673 876 Cum

1031 893 1110 923 aliud
1315 891 1375 920 alid
1600 896 1660 926 alid

1031 943 1124 974 omnis
1316 940 1426 970 omneis
1599 947 1711 977 omneis

1031 994 1088 1023 nisi
1316 990 1373 1020 nisi
1600 997 1627 1027 si

1031 1044 1157 1086 pigraris
1317 1041 1443 1082 pigraris
1602 1046 1728 1088 pigraris

1031 1095 1189 1125 recesseris
1318 1092 1475 1122 recesseris
1603 1096 1781 1127 abscesseris

1038 1146 1097 1175 Hic
1322 1142 1388 1171 Hoc
1606 1146 1673 1176 Hoc

1033 1195 1172 1234 Deptano
1320 1193 1355 1222 de
1370 1192 1456 1232 plano
1603 1195 1639 1225 de
1657 1195 1745 1235 plano

1032 1247 1157 1275 haustus
1319 1243 1445 1272 haustus
1603 1246 1728 1275 haustus

1033 1306 1049 1324 e
1320 1304 1335 1321 e
1604 1295 1640 1325 de

1033 1345 1147 1374 fontibu
1320 1343 1448 1373 sontibus
1604 1344 1729 1374 fontibu'

1034 1406 1121 1425 aures
1320 1393 1417 1422 aureis
1604 1394 1700 1424 aureis

1034 1452 1067 1477 ut
1315 1444 1378 1484 jam
1597 1445 1663 1485 jam

1035 1503 1160 1537 emptum
1321 1497 1447 1533 coeptum
1604 1498 1731 1535 coeptum

1036 1547 1180 1577 Constitit
1320 1542 1455 1572 constitit
1606 1544 1752 1575 Consistit

1035 1597 1065 1626 in
1079 1597 1166 1626 rebus
1321 1592 1350 1621 in
1363 1593 1450 1621 rebus
1606 1593 1692 1623 rebus

1035 1657 1201 1676 communes
1320 1641 1496 1671 communeis
1606 1643 1766 1674 communis

1036 1696 1154 1726 dedicat
1321 1691 1439 1721 dedicat
1606 1693 1738 1733 deliquat

1037 1746 1083 1775 cui
1321 1741 1368 1771 cui
1606 1755 1665 1784 quo

1037 1797 1148 1827 animos
1321 1791 1432 1821 animos
1607 1794 1696 1824 animi

1037 1858 1184 1887 quoquam
1322 1843 1478 1883 quicquam
1607 1844 1765 1884 quidquam

1038 1898 1177 1938 quiquam
1323 1904 1470 1934 quaquam
1606 1905 1730 1934 usquam

1039 1947 1099 1977 sita
1325 1942 1405 1972 deest
1607 1945 1666 1974 sita

1039 2007 1187 2036 quaquam
1326 2004 1471 2034 quaquam
1607 2005 1754 2035 quaquam

1041 2057 1147 2086 supera
1326 2054 1433 2084 supera
1607 2056 1714 2085 supera

1041 2096 1223 2126 ostendimus
1326 2095 1506 2126 ostendimus
1608 2095 1789 2125 ostendimus

1041 2157 1073 2176 se
1081 2147 1216 2186 junctum
1326 2147 1489 2186 sejunctum
1609 2148 1772 2187 sejunctum

1041 2197 1127 2232 Quod
1326 2196 1412 2231 Quod
1610 2197 1697 2232 Quod

1042 2247 1131 2277 tertia
1327 2247 1417 2276 tertia
1611 2247 1700 2277 tertia

1042 2296 1071 2326 id
1328 2295 1356 2325 id
1611 2297 1640 2327 id

1042 2348 1190 2388 Augmine
1328 2346 1476 2387 Augmine
1611 2347 1759 2388 Augmine

1042 2397 1116 2427 levis
1327 2395 1400 2426 levis
1610 2398 1684 2427 levis

1043 2447 1180 2487 Corporis
1328 2445 1488 2485 Corporum
1612 2448 1770 2488 Corporum

1042 2502 1095 2527 aut
1328 2501 1380 2526 aut
1613 2503 1665 2528 aut

1043 2547 1162 2577 debebit
1328 2547 1446 2576 debebit
1613 2547 1730 2577 debebit

1044 2596 1159 2636 possint
1328 2597 1443 2636 possint
1611 2597 1726 2637 possint

1044 2646 1165 2685 prebere
1329 2647 1459 2686 praebere
1612 2647 1744 2687 praebere

1044 2706 1097 2725 nec
1328 2696 1385 2726 nisi
1612 2697 1669 2726 nisi
1774 2696 1777 2697 ⁷

1044 2750 1128 2786 pater
1328 2750 1438 2786 praeter
1611 2752 1720 2788 praeter

1044 2806 1216 2835 quecunque
1328 2805 1507 2835 quaecunque
1613 2807 1796 2837 quaecunque

1043 2845 1217 2886 Cojunctum
1231 2850 1277 2875 est
1328 2845 1521 2885 Conjuncturu
1538 2850 1585 2875 est
1613 2845 1849 2887 Conjunctum'st

1047 2894 1164 2924 Pondus
1330 2895 1448 2925 Pondus
1615 2896 1734 2927 Pondus

1048 2944 1125 2984 ignis
1332 2945 1408 2985 ignis
1615 2946 1728 2986 ignibu'

746 1093 903 1122 recesseris

748 1141 808 1171 Hic

747 1191 886 1231 Deptano

746 1240 872 1272 haustus

746 1303 763 1321 e

746 1342 875 1372 fontibus

748 1542 891 1572 Constitit

748 1592 777 1621 in
791 1592 878 1621 rebus

748 1652 914 1671 communes

749 1692 875 1721 deducat

749 1742 797 1772 cui

463 1653 630 1673 communes

462 1693 581 1722 dedicat

463 1743 510 1772 cui

750 1793 862 1822 animos

751 1854 899 1883 quoquam

754 1905 902 1934 quaquam

752 1944 811 1974 sita

753 2004 900 2033 quoquam

754 2053 861 2082 supera

754 2092 898 2121 ostendim

755 2152 787 2171 se
797 2142 933 2181 junctum

463 1793 575 1822 animos

464 1853 610 1883 quoquam

465 1902 613 1932 quaquam

466 1941 525 1971 sita

467 2001 614 2031 quoquam

468 2046 589 2082 superat

468 2091 648 2121 ostendimus

471 2141 634 2181 sejunctum

472 2543 590 2574 debebit

472 2597 596 2634 possunt

472 2643 592 2684 prebere

475 2705 527 2723 nec

475 2748 583 2782 praeter

474 2802 657 2831 quaecunque

476 2842 668 2881 Conjunctum
685 2847 728 2871 est

478 2891 595 2921 Pandas

477 2941 553 2981 ignis

760 2740 840 2769 deest
853 2739 900 2769 hic
911 2749 1014 2769 versus

761 2800 933 2830 quecunque

762 2841 934 2881 Cojunctum
949 2846 995 2871 est

762 2892 881 2923 Pondus

761 2943 838 2983 ignis
