1967 3314
332 288 425 331 190
620 275 1071 328 VARIANTES
1111 271 1545 323 LECTIONES

1586 430 1627 451 Ex
1638 430 1738 452 ‘rYl’oG
1743 430 1802 452 RA-

1560 486 1637 506 mua
1652 485 1831 507 socm'rAns

713 458 834 480 FAULUS
849 455 983 477 mumis-
1006 455 1196 476 THEODORUS
1210 456 1250 476 DE

465 494 666 518 nnfflfflnus'
783 511 920 531 renota.
1012 510 1244 531 RAGAZONIBUS.

1603 541 1795 561 mroN'mNAE.

788 616 879 647 Veron
883 626 916 647 ιε.
1068 615 1203 646 Venetiis.

501 620 627 651 Bn‘xiae.
1631 615 1765 656 Bipontt'.

809 711 889 740 1486.
1094 706 1174 738 1495.

1297 795 1443 824 confluxet
1580 794 1726 825 confluxet

734 799 874 829 confluxit
1014 796 1152 826 confluxit

453 802 592 834 confluxit

453 852 518 893 geri
734 849 798 890 geri
1014 847 1077 886 geri
1296 843 1359 883 geri
1580 843 1648 884 geni

453 902 517 932 caeli
735 898 802 928 caeli
1015 895 1077 925 caeli
1293 893 1360 922 caeli
1581 894 1646 924 coeli

454 950 560 981 caelum
736 946 836 976 caelum
1015 945 1115 974 caelum
1297 943 1400 972 caelum
1580 946 1683 976 coelum

453 999 502 1028 ubi
737 997 776 1026 ibi
1017 993 1057 1022 ibi
1298 992 1337 1022 ibi
1582 995 1630 1025 „bi

452 1047 533 1077 nulla
545 1051 592 1077 est
736 1046 847 1076 nullast
1016 1042 1127 1072 nullast
1298 1041 1408 1072 nullast
1582 1045 1703 1075 nulla'st

453 1097 526 1127 nihil
736 1095 809 1125 nihil
1018 1092 1090 1121 nihil
1298 1092 1339 1122 nil
1583 1094 1623 1124 nil

452 1148 541 1177 imum
736 1146 824 1175 imum
1018 1143 1106 1172 imum
1300 1151 1386 1171 unum
1583 1144 1671 1173 imum

452 1198 538 1237 quasi
736 1205 827 1235 quare
1018 1204 1109 1233 quare
1299 1191 1384 1230 quasi
1583 1193 1668 1233 quasi

451 1251 573 1288 possent
736 1249 857 1285 possent
1018 1248 1139 1283 possent
1301 1241 1415 1281 possint
1584 1243 1699 1283 possint

451 1297 623 1336 infernaque
737 1295 908 1334 infernaque
1018 1293 1189 1332 infernaque
1300 1294 1467 1328 aeternaque
1584 1298 1751 1333 aeternaque

453 1347 514 1377 cita
737 1345 797 1374 cito
1018 1343 1078 1372 cito
1301 1341 1362 1370 cita
1584 1344 1644 1373 cita

453 1406 500 1425 res
737 1404 784 1424 res
1017 1403 1064 1422 res
1296 1395 1346 1419 ⁴res
1585 1403 1646 1423 rem

452 1454 513 1474 rem
730 1444 795 1484 jam
1011 1442 1074 1481 jam
1301 1450 1359 1468 rein
1584 1453 1632 1473 reg

453 1494 536 1525 collis
735 1493 818 1522 collis
1017 1492 1099 1521 collis
1300 1489 1407 1519 Colleis
1583 1492 1691 1521 Colleis

452 1543 545 1574 omnis
735 1542 829 1571 omnis
1016 1541 1109 1570 omnis
1298 1539 1409 1569 omneis
1583 1541 1694 1572 omneis

452 1592 641 1633 spaciumque
736 1591 921 1631 spatiumque
1016 1590 1202 1630 spatiumque
1299 1590 1485 1630 spatiumque
1583 1590 1768 1631 spatiumque

449 1643 574 1673 fulmina
736 1640 853 1671 flumine
1017 1640 1136 1670 flumina
1300 1640 1419 1670 flumina
1583 1639 1703 1670 flumina

452 1695 578 1733 possunt
735 1695 860 1730 possunt
1018 1695 1142 1730 possunt
1300 1693 1423 1730 possunt
1584 1689 1700 1730 possint

452 1743 483 1772 in
495 1739 672 1771 remanendo
735 1741 765 1770 in
779 1740 935 1770 remeando
1017 1740 1047 1768 in
1060 1739 1235 1770 remanendo
1300 1740 1329 1768 in
1343 1738 1518 1768 remanendo
1586 1740 1628 1770 ire
1640 1737 1765 1769 meando

453 1790 598 1832 exemptis
736 1791 881 1831 exemptis
1019 1790 1164 1830 exemptis
1300 1789 1444 1829 exemptis
1585 1789 1710 1819 exemtis

452 1840 547 1882 partis
736 1841 830 1881 partis
1020 1841 1113 1881 partis
1300 1840 1410 1881 parteis
1587 1839 1698 1880 parteis

452 1902 540 1921 Inane
736 1902 823 1921 inane
1019 1901 1106 1920 inane
1303 1901 1383 1920 mani
1586 1899 1666 1918 inani

453 1943 540 1971 inane
737 1951 814 1970 nunc
1019 1951 1094 1969 nunc
1304 1942 1389 1970 inane
1586 1939 1673 1969 inane

454 1995 552 2020 autem
567 1993 614 2019 est
738 1994 866 2020 autemst
1019 1993 1147 2018 autemst
1302 1994 1402 2020 autest
1586 1987 1726 2017 autem'st

453 2040 575 2070 alterius
738 2040 858 2070 alterius
1020 2039 1141 2068 alterius
1302 2040 1423 2070 alternis
1586 2037 1708 2067 alternis

454 2091 594 2122 terminat
739 2090 877 2120 terminat
1020 2088 1158 2118 terminat
1302 2090 1441 2119 terminat
1586 2087 1722 2117 terminet

457 2141 588 2182 Simplici
744 2138 874 2178 Simplici
1022 2138 1152 2178 Simplici
1304 2139 1441 2178 Simpliee
1587 2136 1724 2177 Simplice

455 2202 472 2221 e
739 2199 756 2218 e
1020 2198 1037 2216 e
1302 2188 1382 2217 deest
1585 2186 1665 2216 deest

457 2241 536 2271 deest
739 2237 818 2268 deest
1019 2238 1099 2267 deest
1302 2237 1382 2267 deest
1585 2241 1616 2267 et

456 2298 555 2322 tamen
739 2294 837 2319 tamen
1019 2293 1117 2318 tamen
1301 2293 1398 2318 tamen
1585 2290 1699 2316 tantum

457 2353 551 2382 neque
740 2350 834 2378 neque
1020 2349 1113 2376 neque
1302 2347 1395 2376 neque
1586 2347 1640 2366 ncc

457 2392 521 2422 caeli
740 2389 808 2418 caeli
1021 2388 1083 2418 caeli
1302 2386 1364 2417 caeli
1586 2386 1652 2415 coeli

457 2447 535 2472 coetu
741 2439 819 2468 coitu
1021 2438 1100 2467 coitu
1302 2437 1380 2466 coitu
1588 2439 1665 2464 coetu

458 2502 512 2522 sno
741 2499 794 2519 suo
1021 2499 1075 2518 suo
1304 2497 1357 2516 nec
1588 2494 1713 2524 quaeque

458 2552 552 2581 neque
741 2548 835 2577 neque
1022 2549 1116 2577 neque
1304 2546 1426 2575 quaeque
1589 2539 1679 2574 atque

457 2592 550 2622 multa
562 2590 655 2620 modis
740 2587 833 2617 multa
845 2585 937 2616 modis
1023 2587 1116 2617 multa
1127 2586 1220 2617 modis
1305 2586 1397 2615 multa
1410 2585 1502 2615 modis
1589 2582 1768 2613 multimodis

457 2641 633 2681 experiendo
741 2637 920 2679 experiundo
1023 2637 1201 2677 experiundo
1306 2635 1485 2675 experiundo
1589 2631 1767 2673 experiundo

459 2691 534 2721 tales
741 2689 817 2719 tales
1023 2687 1099 2716 tales
1305 2685 1390 2714 taleis
1588 2682 1675 2712 taleis

460 2742 604 2777 Qualibus
742 2739 882 2774 Qualibet
1023 2735 1162 2770 Qualibet
1305 2734 1449 2769 Qualibus
1588 2730 1732 2767 Qualibus

460 2791 596 2820 immotus
742 2789 772 2818 in
785 2792 881 2819 motus
1024 2786 1052 2815 in
1066 2790 1162 2815 motus
1306 2785 1335 2813 in
1349 2789 1444 2813 motus
1589 2781 1618 2810 in
1632 2783 1728 2809 motus

460 2841 593 2880 conjecta
605 2842 653 2868 est
741 2839 905 2880 conjectast
1023 2835 1186 2875 conjectast
1305 2834 1467 2873 conjectast
1589 2827 1761 2870 conjecta'st

459 2889 658 2921 convenientis
742 2885 941 2917 convenientis
1024 2885 1226 2916 convenientis
1307 2880 1523 2913 convenienteis
1589 2876 1806 2909 convenienteis

460 2940 558 2970 Efficit
745 2938 843 2967 Efficit
1028 2935 1125 2965 Ffficit
1310 2931 1409 2962 Efficit
1594 2928 1692 2959 Efficit
