1967 3314
592 244 1050 294 VARIANTES
1091 242 1533 293 LECTIONES

1589 403 1630 423 EX
1642 402 1806 423 TYPOGRA-

710 425 832 447 PAULUS
844 425 976 446 FRmEN-
1005 425 1195 446 tutononus
1211 425 1251 444 DE

461 457 663 479 Fennnunus.
779 479 905 500 PERGER
1008 480 1233 501 RAGAzomws
1355 457 1467 479 Arnus.
1564 458 1641 478 rum
1659 455 1839 478 somn-Ans

909 493 915 500 ⁵
1235 492 1242 499 ⁸
1606 509 1801 531 mrowrnmz.

496 582 622 613 Brixioe.
774 583 902 613 Veronoe.
1064 585 1201 615 Venetiis.
1350 583 1490 615 Veneziis.
1634 580 1769 621 Biponti.

352 628 392 658 v,
1294 648 1402 652 *-

473 670 546 700 Sine
559 671 657 701 Anno.
808 673 892 702 1486.
1093 679 1176 707 1495.
1378 677 1463 702 1500.
1660 672 1742 701 1782-

347 768 398 794 151
448 771 513 789 cum
729 771 797 799 qum
1014 776 1083 804 qum
1300 773 1365 792 cum
1586 769 1653 787 cum

448 814 547 839 cetera
729 813 842 838 caetera
1014 819 1126 844 caetera
1300 816 1412 841 caetera
1588 811 1690 835 cetera

346 867 358 892 1
364 867 402 892 53
448 860 578 890 venienti
730 857 859 887 venienti
1015 863 1146 893 venienti
1302 860 1431 890 vementi
1589 855 1756 884 vehementi

347 916 402 942 154
450 910 635 948 sudoresque
652 909 693 938 ita
732 906 921 946 Sudoresque
935 907 978 937 ita
1018 913 1204 952 Sudoresque
1219 913 1264 942 ita
1302 911 1482 948 sudoresque
1498 909 1540 938 ita
1591 903 1719 934 Sudores
1733 903 1833 944 itaque

447 959 646 1000 pauoremque
732 956 930 997 palloremque
1016 962 1218 1003 palloremque
1303 960 1503 1000 palloremque
1589 957 1620 983 et
1634 953 1775 993 Pauorem

447 1009 576 1038 existere
732 1007 864 1037 existere
1017 1011 1147 1041 existere
1303 1009 1432 1039 existere
1589 1003 1737 1033 exsistere

348 1065 402 1094 157
450 1058 599 1098 Calligare
734 1056 884 1097 Calligare
1019 1060 1168 1101 Calligare
1306 1058 1446 1098 Caligare
1592 1053 1731 1093 Caligare

448 1108 549 1137 oculos
733 1106 818 1136 oculo
1018 1110 1104 1140 oculo
1306 1108 1408 1137 oculos
1591 1103 1692 1133 oculos

450 1169 555 1189 sonare
734 1168 841 1187 sonare
1019 1171 1125 1191 sonare
1307 1168 1411 1188 sonere
1593 1164 1696 1184 sonem

451 1220 538 1239 aures
735 1218 821 1238 aures
1021 1221 1107 1240 aures
1306 1207 1404 1237 aureis
1596 1204 1694 1234 aureis

350 1261 406 1289 160
451 1259 497 1288 vis
735 1257 816 1287 deest
1021 1260 1050 1289 vi
1308 1258 1337 1288 vi
1593 1253 1638 1284 Vis

350 1311 403 1338 161
453 1307 615 1338 Percussat
736 1308 897 1338 Percussae
1022 1310 1185 1340 percussas
1309 1311 1481 1348 percussast
1594 1304 1784 1334 Percussa'st

451 1358 519 1388 exin
735 1364 821 1388 extra
1019 1363 1109 1389 extra
1309 1359 1376 1388 exin
1592 1353 1660 1383 exin

353 1411 406 1440 164
453 1407 608 1447 Corripere
735 1407 891 1448 Corripere
1019 1409 1176 1449 Corripere
1309 1409 1455 1449 corripere
1593 1404 1752 1444 Conripere

351 1461 406 1489 166
453 1457 526 1486 nihil
735 1457 809 1487 nihil
1022 1458 1097 1488 nihil
1310 1459 1351 1489 nil
1594 1453 1635 1483 nil

350 1510 405 1542 167
451 1505 604 1534 fatendum
617 1510 664 1534 est
735 1507 888 1536 fatendum
902 1511 949 1536 est
1022 1507 1175 1538 fatendum
1189 1512 1236 1538 est
1308 1508 1491 1538 fatendumst
1594 1503 1787 1533 faoendum'st

351 1561 406 1591 169
454 1555 595 1584 Preterea
647 1571 651 1573 >
738 1556 889 1586 Praeterea
1025 1559 1175 1588 Praeterea
1312 1558 1465 1587 Praeterea
1597 1554 1747 1583 l‘raeterea

453 1614 514 1633 rem
736 1616 797 1634 rem
1024 1620 1085 1638 rem
1099 1619 1165 1638 cum
1311 1617 1376 1636 cum
1595 1614 1660 1633 cum

351 1660 404 1689 171
453 1652 577 1682 offendis
736 1654 861 1684 offendit
1023 1657 1146 1687 offendit
1310 1655 1434 1686 offendit
1595 1653 1718 1683 offendit

453 1701 506 1731 leti
739 1705 802 1734 laeti
1024 1707 1089 1737 laeti
1311 1707 1364 1737 leti
1596 1702 1651 1732 teli

351 1761 407 1789 172
454 1751 493 1781 ad
505 1755 574 1781 acta
740 1755 849 1784 adacta
1026 1757 1134 1787 adacta
1312 1757 1419 1786 adacta
1598 1753 1705 1783 adacta

352 1810 407 1839 173
454 1802 598 1830 Attamen
739 1805 921 1834 Attamenns
1025 1808 1170 1836 Attamen
1312 1809 1457 1837 Attamen
1597 1805 1741 1833 Attamen

453 1851 619 1891 insequitur
737 1853 857 1892 equitur
1025 1857 1191 1896 insequitur
1313 1856 1479 1897 insequitur
1597 1853 1763 1893 insequitur

351 1908 364 1933 1
371 1909 407 1937 74
454 1906 568 1931 mentes
738 1908 855 1933 mentes
1024 1912 1139 1937 mentes
1313 1908 1422 1937 mentis
1598 1904 1706 1934 mentis

352 1957 406 1986 175
454 1949 617 1991 exurgendi
737 1953 901 1993 exurgeudi
1026 1956 1190 1996 exurgendi
1313 1956 1477 1997 exurgendi
1597 1953 1777 1995 exsurgendi

352 2004 408 2035 176
455 2010 577 2030 necesse
590 2004 637 2028 est
738 2007 893 2033 necessest
1027 2010 1180 2035 necessest
1316 2011 1468 2036 necessest
1599 2003 1763 2033 necesse'st

354 2057 410 2082 180
456 2061 509 2090 Per
520 2050 638 2080 sutilem
738 2062 791 2091 per
807 2052 926 2082 sutilem
1027 2066 1079 2094 per
1094 2055 1213 2085 sutilem
1315 2055 1506 2096 persubtilem
1598 2053 1789 2093 persubtilem

355 2106 406 2131 181
458 2101 516 2130 Per
528 2111 616 2140 quam
740 2102 797 2131 Per
813 2113 900 2141 quam
1028 2104 1086 2133 Per
1101 2115 1189 2144 quam
1315 2116 1454 2145 perquam
1597 2114 1737 2144 perquam

354 2155 408 2181 182
456 2158 508 2187 per
518 2159 640 2178 noscere
740 2163 914 2193 pernoscere
1026 2165 1200 2194 pernoscere
1314 2165 1487 2195 pernoscere
1598 2165 1771 2195 pernoscere

455 2198 553 2237 possis
741 2203 837 2242 possit
1026 2204 1122 2243 possit
1316 2205 1413 2245 possis
1598 2205 1695 2245 possis

355 2254 409 2279 185
457 2247 548 2277 Ocius
741 2252 855 2282 Ocivus
1027 2253 1138 2284 Ocivus
1314 2256 1414 2295 Ocyus
1598 2255 1689 2284 Ocius

354 2305 365 2329 1
372 2301 408 2329 86
455 2308 579 2336 quorum
740 2312 864 2342 quorum
1027 2314 1149 2343 quorum
1313 2315 1436 2344 quorum
1599 2314 1637 2343 qu
1641 2313 1723 2332 arum

457 2353 595 2388 promptu
743 2356 880 2392 promptu
1028 2358 1167 2393 promptu
1316 2358 1453 2395 promptu
1599 2358 1715 2394 promtu

355 2403 409 2431 187
457 2399 501 2427 At
743 2403 807 2432 Aut
1028 2404 1092 2432 Aut
1315 2405 1358 2433 At
1599 2405 1643 2433 At

456 2452 542 2477 tanto
554 2458 642 2487 Opere
653 2452 701 2477 est
742 2457 829 2482 tanto
842 2463 929 2493 opere
943 2460 989 2482 est
1027 2456 1114 2482 tanto
1124 2463 1213 2493 opere
1226 2457 1273 2482 est
1315 2458 1470 2493 tantopere
1484 2458 1531 2483 est
1598 2453 1796 2493 tantopere'st

355 2502 408 2527 188
457 2497 515 2526 Pel·
531 2507 618 2537 quam
744 2502 802 2532 Per
816 2513 903 2542 quam
1029 2502 1087 2532 Per
1104 2513 1192 2542 quam
1316 2503 1463 2543 Perquam
1600 2504 1746 2543 Perquam

456 2557 508 2586 per
522 2557 669 2586 quamque
741 2562 794 2591 per
808 2562 896 2591 quam
910 2562 966 2591 que
1028 2563 1080 2592 per
1094 2563 1182 2591 quam
1197 2563 1253 2591 que
1314 2562 1511 2592 perquamque
1599 2563 1797 2594 perquamque

354 2602 408 2629 189
457 2596 492 2624 1¹¹
506 2606 591 2625 omne
744 2602 779 2631 In
794 2602 901 2631 homne
1030 2601 1163 2631 lnomine
1320 2602 1452 2632 Momine
1601 2603 1737 2634 Momine

354 2651 366 2675 l
372 2652 410 2678 90
457 2646 596 2685 Namque
744 2650 884 2690 Namque
1029 2650 1169 2690 Namque
1317 2652 1446 2692 Nanque
1601 2654 1738 2692 Namque

456 2707 572 2726 nomme
743 2700 859 2730 nomine
1027 2701 1144 2730 nomine
1315 2702 1440 2732 momine
1597 2701 1723 2732 momine

457 2745 544 2775 flutat
742 2750 841 2780 fluitat
1027 2751 1114 2781 flutat
1315 2753 1401 2782 flutat
1598 2751 1684 2781 flutat

354 2798 409 2826 195
457 2796 641 2825 conctantior
742 2798 929 2829 cunctantior
1028 2801 1217 2831 cunctantior
1315 2801 1500 2831 cunctantior
1598 2800 1783 2830 cunctantior

456 2848 541 2874 actus
740 2847 819 2878 ictus
1027 2850 1106 2880 ictus
1315 2850 1391 2880 ictus
1599 2855 1683 2880 actus

354 2897 409 2926 194
460 2894 556 2924 Heret
744 2898 841 2929 Heret
1030 2901 1125 2931 Heret
1318 2901 1421 2930 Haeret
1602 2901 1706 2931 Haeret
