<?xml version="1.0" encoding="UTF-8"?>
<!DOCTYPE html PUBLIC "-//W3C//DTD XHTML 1.0 Transitional//EN"
    "http://www.w3.org/TR/xhtml1/DTD/xhtml1-transitional.dtd">
<html xmlns="http://www.w3.org/1999/xhtml" xml:lang="en" lang="en">
 <head>
  <title>
</title>
<meta http-equiv="Content-Type" content="text/html;charset=utf-8" />
  <meta name='ocr-system' content='tesseract 3.04.00' />
  <meta name='ocr-capabilities' content='ocr_page ocr_carea ocr_par ocr_line ocrx_word'/>
</head>
<body>
  <div class='ocr_page' id='page_1' title='image "./tlucretiicarider04lucruoft_0233.png"; bbox 0 0 1967 3314; ppageno 0'>
   <div class='ocr_carea' id='block_1_1' title="bbox 202 435 403 457">
    <p class='ocr_par' dir='ltr' id='par_1_1' title="bbox 202 435 403 457">
     <span class='ocr_line' id='line_1_1' title="bbox 202 435 403 457; baseline -0.015 0"><span class='ocrx_word' id='word_1_1' title='bbox 202 435 403 457; x_wconf 70' lang='lat' dir='ltr'>FERRANDUS.</span> 
     </span>
    </p>
   </div>
   <div class='ocr_carea' id='block_1_2' title="bbox 239 560 368 590">
    <p class='ocr_par' dir='ltr' id='par_1_2' title="bbox 239 560 368 590">
     <span class='ocr_line' id='line_1_2' title="bbox 239 560 368 590; baseline 0 -1"><span class='ocrx_word' id='word_1_2' title='bbox 239 560 368 590; x_wconf 59' lang='lat' dir='ltr'>Brixiae.</span> 
     </span>
    </p>
   </div>
   <div class='ocr_carea' id='block_1_3' title="bbox 500 220 1120 272">
    <p class='ocr_par' dir='ltr' id='par_1_3' title="bbox 500 220 1120 272">
     <span class='ocr_line' id='line_1_3' title="bbox 500 220 1120 272; baseline -0.003 0"><span class='ocrx_word' id='word_1_3' title='bbox 500 221 717 272; x_wconf 81' lang='lat' dir='ltr'>LIBRI</span> <span class='ocrx_word' id='word_1_4' title='bbox 767 220 1120 271; x_wconf 90' lang='lat' dir='ltr'>SECUNDI.</span> 
     </span>
    </p>
   </div>
   <div class='ocr_carea' id='block_1_4' title="bbox 426 349 735 435">
    <p class='ocr_par' dir='ltr' id='par_1_4' title="bbox 426 349 735 435">
     <span class='ocr_line' id='line_1_4' title="bbox 426 349 735 435; baseline 0 -41"><span class='ocrx_word' id='word_1_5' title='bbox 426 349 735 435; x_wconf 95' lang='lat' dir='ltr'>  </span> 
     </span>
    </p>
   </div>
   <div class='ocr_carea' id='block_1_5' title="bbox 451 404 990 425">
    <p class='ocr_par' dir='ltr' id='par_1_5' title="bbox 451 404 990 425">
     <span class='ocr_line' id='line_1_5' title="bbox 451 404 990 425; baseline -0.002 -2"><span class='ocrx_word' id='word_1_6' title='bbox 451 404 571 423; x_wconf 75' lang='lat' dir='ltr'>X&#39;AULUS</span> <span class='ocrx_word' id='word_1_7' title='bbox 587 405 718 425; x_wconf 71' lang='lat' dir='ltr'>FfflDEN-</span> <span class='ocrx_word' id='word_1_8' title='bbox 744 404 934 424; x_wconf 74' lang='lat' dir='ltr'>THEODORUS</span> <span class='ocrx_word' id='word_1_9' title='bbox 951 404 990 422; x_wconf 87' lang='lat' dir='ltr'>DE</span> 
     </span>
    </p>
   </div>
   <div class='ocr_carea' id='block_1_6' title="bbox 513 460 648 481">
    <p class='ocr_par' dir='ltr' id='par_1_6' title="bbox 513 460 648 481">
     <span class='ocr_line' id='line_1_6' title="bbox 513 460 648 481; baseline 0.022 -3"><span class='ocrx_word' id='word_1_10' title='bbox 513 460 648 481; x_wconf 77' lang='lat' dir='ltr'>PERCER.</span> 
     </span>
    </p>
   </div>
   <div class='ocr_carea' id='block_1_7' title="bbox 526 565 654 596">
    <p class='ocr_par' dir='ltr' id='par_1_7' title="bbox 526 565 654 596">
     <span class='ocr_line' id='line_1_7' title="bbox 526 565 654 596; baseline 0.023 -3"><span class='ocrx_word' id='word_1_11' title='bbox 526 565 654 596; x_wconf 62' lang='lat' dir='ltr'>Veronae.</span> 
     </span>
    </p>
   </div>
   <div class='ocr_carea' id='block_1_8' title="bbox 754 457 986 477">
    <p class='ocr_par' dir='ltr' id='par_1_8' title="bbox 754 457 986 477">
     <span class='ocr_line' id='line_1_8' title="bbox 754 457 986 477; baseline -0.004 0"><span class='ocrx_word' id='word_1_12' title='bbox 754 458 794 477; x_wconf 68' lang='grc' dir='ltr'>ΚΑ</span> <span class='ocrx_word' id='word_1_13' title='bbox 800 457 986 477; x_wconf 66' lang='grc' dir='ltr'><strong>ΕΑΖΟΝῙΒΗΞ.</strong></span> 
     </span>
    </p>
   </div>
   <div class='ocr_carea' id='block_1_9' title="bbox 802 561 939 591">
    <p class='ocr_par' dir='ltr' id='par_1_9' title="bbox 802 561 939 591">
     <span class='ocr_line' id='line_1_9' title="bbox 802 561 939 591; baseline 0.007 -1"><span class='ocrx_word' id='word_1_14' title='bbox 802 561 939 591; x_wconf 63' lang='lat' dir='ltr'>Veneriis.</span> 
     </span>
    </p>
   </div>
   <div class='ocr_carea' id='block_1_10' title="bbox 1091 436 1204 455">
    <p class='ocr_par' dir='ltr' id='par_1_10' title="bbox 1091 436 1204 455">
     <span class='ocr_line' id='line_1_10' title="bbox 1091 436 1204 455; baseline 0 0"><span class='ocrx_word' id='word_1_15' title='bbox 1091 436 1204 455; x_wconf 82' lang='lat' dir='ltr'>ALDUS.</span> 
     </span>
    </p>
   </div>
   <div class='ocr_carea' id='block_1_11' title="bbox 1086 558 1223 587">
    <p class='ocr_par' dir='ltr' id='par_1_11' title="bbox 1086 558 1223 587">
     <span class='ocr_line' id='line_1_11' title="bbox 1086 558 1223 587; baseline 0.007 -1"><span class='ocrx_word' id='word_1_16' title='bbox 1086 558 1189 586; x_wconf 81' lang='lat' dir='ltr'>Veneti</span> <span class='ocrx_word' id='word_1_17' title='bbox 1191 559 1223 587; x_wconf 81' lang='lat' dir='ltr'>is.</span> 
     </span>
    </p>
   </div>
   <div class='ocr_carea' id='block_1_12' title="bbox 1487 230 1580 271">
    <p class='ocr_par' dir='ltr' id='par_1_12' title="bbox 1487 230 1580 271">
     <span class='ocr_line' id='line_1_12' title="bbox 1487 230 1580 271; baseline 0.022 -2"><span class='ocrx_word' id='word_1_18' title='bbox 1487 230 1580 271; x_wconf 76' lang='lat'>213</span> 
     </span>
    </p>
   </div>
   <div class='ocr_carea' id='block_1_13' title="bbox 1328 377 1544 400">
    <p class='ocr_par' dir='ltr' id='par_1_13' title="bbox 1328 377 1544 400">
     <span class='ocr_line' id='line_1_13' title="bbox 1328 377 1544 400; baseline 0.014 -3"><span class='ocrx_word' id='word_1_19' title='bbox 1328 377 1369 398; x_wconf 79' lang='lat' dir='ltr'>Ex</span> <span class='ocrx_word' id='word_1_20' title='bbox 1380 379 1544 400; x_wconf 75' lang='lat' dir='ltr'>&#39;rYPOGRA-</span> 
     </span>
    </p>
   </div>
   <div class='ocr_carea' id='block_1_14' title="bbox 1302 431 1569 453">
    <p class='ocr_par' dir='ltr' id='par_1_14' title="bbox 1302 431 1569 453">
     <span class='ocr_line' id='line_1_14' title="bbox 1302 431 1569 453; baseline 0.007 -2"><span class='ocrx_word' id='word_1_21' title='bbox 1302 431 1379 451; x_wconf 84' lang='lat' dir='ltr'>PHIA</span> <span class='ocrx_word' id='word_1_22' title='bbox 1394 431 1569 453; x_wconf 64' lang='lat' dir='ltr'>soclE&#39;rA&#39;rls</span> 
     </span>
    </p>
   </div>
   <div class='ocr_carea' id='block_1_15' title="bbox 1344 484 1537 505">
    <p class='ocr_par' dir='ltr' id='par_1_15' title="bbox 1344 484 1537 505">
     <span class='ocr_line' id='line_1_15' title="bbox 1344 484 1537 505; baseline 0.005 -1"><span class='ocrx_word' id='word_1_23' title='bbox 1344 484 1537 505; x_wconf 74' lang='lat' dir='ltr'>BxPoNTINAE.</span> 
     </span>
    </p>
   </div>
   <div class='ocr_carea' id='block_1_16' title="bbox 1372 556 1504 598">
    <p class='ocr_par' dir='ltr' id='par_1_16' title="bbox 1372 556 1504 598">
     <span class='ocr_line' id='line_1_16' title="bbox 1372 556 1504 598; baseline -0.008 -11"><span class='ocrx_word' id='word_1_24' title='bbox 1372 556 1504 598; x_wconf 74' lang='lat' dir='ltr'>Biponti.</span> 
     </span>
    </p>
   </div>
   <div class='ocr_carea' id='block_1_17' title="bbox 165 616 1573 632">
    <p class='ocr_par' dir='ltr' id='par_1_17' title="bbox 165 616 1573 632">
     <span class='ocr_line' id='line_1_17' title="bbox 165 616 1573 632; baseline -0.002 -5"><span class='ocrx_word' id='word_1_25' title='bbox 165 616 1573 632; x_wconf 45' lang='lat'><strong>———3———.————1——-—</strong></span> 
     </span>
    </p>
   </div>
   <div class='ocr_carea' id='block_1_18' title="bbox 204 651 388 682">
    <p class='ocr_par' dir='ltr' id='par_1_18' title="bbox 204 651 388 682">
     <span class='ocr_line' id='line_1_18' title="bbox 204 651 388 682; baseline 0.005 -2"><span class='ocrx_word' id='word_1_26' title='bbox 204 651 278 681; x_wconf 71' lang='lat' dir='ltr'>Sine</span> <span class='ocrx_word' id='word_1_27' title='bbox 290 652 388 682; x_wconf 81' lang='lat' dir='ltr'><em>Anno.</em></span> 
     </span>
    </p>
   </div>
   <div class='ocr_carea' id='block_1_19' title="bbox 546 657 626 685">
    <p class='ocr_par' dir='ltr' id='par_1_19' title="bbox 546 657 626 685">
     <span class='ocr_line' id='line_1_19' title="bbox 546 657 626 685; baseline 0.025 -2"><span class='ocrx_word' id='word_1_28' title='bbox 546 657 626 685; x_wconf 64' lang='lat'>1486.</span> 
     </span>
    </p>
   </div>
   <div class='ocr_carea' id='block_1_20' title="bbox 830 656 911 684">
    <p class='ocr_par' dir='ltr' id='par_1_20' title="bbox 830 656 911 684">
     <span class='ocr_line' id='line_1_20' title="bbox 830 656 911 684; baseline -0.012 -3"><span class='ocrx_word' id='word_1_29' title='bbox 830 656 843 681; x_wconf 92' lang='lat'>1</span> <span class='ocrx_word' id='word_1_30' title='bbox 848 656 911 684; x_wconf 77' lang='lat'>495.</span> 
     </span>
    </p>
   </div>
   <div class='ocr_carea' id='block_1_21' title="bbox 1112 652 1195 678">
    <p class='ocr_par' dir='ltr' id='par_1_21' title="bbox 1112 652 1195 678">
     <span class='ocr_line' id='line_1_21' title="bbox 1112 652 1195 678; baseline -0.012 -1"><span class='ocrx_word' id='word_1_31' title='bbox 1112 652 1195 678; x_wconf 87' lang='lat'>1500.</span> 
     </span>
    </p>
   </div>
   <div class='ocr_carea' id='block_1_22' title="bbox 1397 650 1480 679">
    <p class='ocr_par' dir='ltr' id='par_1_22' title="bbox 1397 650 1480 679">
     <span class='ocr_line' id='line_1_22' title="bbox 1397 650 1480 679; baseline 0 -4"><span class='ocrx_word' id='word_1_32' title='bbox 1397 650 1410 675; x_wconf 92' lang='lat'>1</span> <span class='ocrx_word' id='word_1_33' title='bbox 1416 650 1480 679; x_wconf 75' lang='lat'><strong>782.</strong></span> 
     </span>
    </p>
   </div>
   <div class='ocr_carea' id='block_1_23' title="bbox 56 707 1578 722">
    <p class='ocr_par' dir='ltr' id='par_1_23' title="bbox 56 707 1578 722">
     <span class='ocr_line' id='line_1_23' title="bbox 56 707 1578 722; baseline -0.007 2"><span class='ocrx_word' id='word_1_34' title='bbox 56 707 1578 722; x_wconf 39' lang='lat' dir='ltr'>——ssffiaess———ffi</span> 
     </span>
    </p>
   </div>
   <div class='ocr_carea' id='block_1_24' title="bbox 75 745 133 922">
    <p class='ocr_par' dir='ltr' id='par_1_24' title="bbox 75 745 133 922">
     <span class='ocr_line' id='line_1_24' title="bbox 76 745 133 773; baseline 0 0"><span class='ocrx_word' id='word_1_35' title='bbox 76 745 133 773; x_wconf 87' lang='grc'>625</span> 
     </span>
     <span class='ocr_line' id='line_1_25' title="bbox 75 794 132 823; baseline -0.018 0"><span class='ocrx_word' id='word_1_36' title='bbox 75 794 132 823; x_wconf 87' lang='grc'>626</span> 
     </span>
     <span class='ocr_line' id='line_1_26' title="bbox 75 844 132 876; baseline 0 -4"><span class='ocrx_word' id='word_1_37' title='bbox 75 844 132 876; x_wconf 78' lang='grc'>627</span> 
     </span>
     <span class='ocr_line' id='line_1_27' title="bbox 75 894 132 922; baseline 0 0"><span class='ocrx_word' id='word_1_38' title='bbox 75 894 132 922; x_wconf 88' lang='grc'>628</span> 
     </span>
    </p>
   </div>
   <div class='ocr_carea' id='block_1_25' title="bbox 74 993 132 1025">
    <p class='ocr_par' dir='ltr' id='par_1_25' title="bbox 74 993 132 1025">
     <span class='ocr_line' id='line_1_28' title="bbox 74 993 132 1025; baseline 0.069 -4"><span class='ocrx_word' id='word_1_39' title='bbox 74 993 132 1025; x_wconf 81' lang='grc'>629</span> 
     </span>
    </p>
   </div>
   <div class='ocr_carea' id='block_1_26' title="bbox 74 1093 132 1121">
    <p class='ocr_par' dir='ltr' id='par_1_26' title="bbox 74 1093 132 1121">
     <span class='ocr_line' id='line_1_29' title="bbox 74 1093 132 1121; baseline 0 0"><span class='ocrx_word' id='word_1_40' title='bbox 74 1093 132 1121; x_wconf 79' lang='lat'>630</span> 
     </span>
    </p>
   </div>
   <div class='ocr_carea' id='block_1_27' title="bbox 72 1241 141 1272">
    <p class='ocr_par' dir='ltr' id='par_1_27' title="bbox 72 1241 141 1272">
     <span class='ocr_line' id='line_1_30' title="bbox 72 1241 141 1272; baseline -0.014 -3"><span class='ocrx_word' id='word_1_41' title='bbox 72 1241 141 1272; x_wconf 63' lang='grc'><strong>651,</strong></span> 
     </span>
    </p>
   </div>
   <div class='ocr_carea' id='block_1_28' title="bbox 69 1389 127 1467">
    <p class='ocr_par' dir='ltr' id='par_1_28' title="bbox 69 1389 127 1467">
     <span class='ocr_line' id='line_1_31' title="bbox 70 1389 127 1417; baseline 0 0"><span class='ocrx_word' id='word_1_42' title='bbox 70 1389 127 1417; x_wconf 80' lang='lat'>653</span> 
     </span>
     <span class='ocr_line' id='line_1_32' title="bbox 69 1438 125 1467; baseline 0.018 -1"><span class='ocrx_word' id='word_1_43' title='bbox 69 1438 125 1467; x_wconf 79' lang='lat'>635</span> 
     </span>
    </p>
   </div>
   <div class='ocr_carea' id='block_1_29' title="bbox 68 1636 127 1814">
    <p class='ocr_par' dir='ltr' id='par_1_29' title="bbox 68 1636 127 1814">
     <span class='ocr_line' id='line_1_33' title="bbox 69 1636 126 1668; baseline 0 -4"><span class='ocrx_word' id='word_1_44' title='bbox 69 1636 126 1668; x_wconf 79' lang='lat'>637</span> 
     </span>
     <span class='ocr_line' id='line_1_34' title="bbox 69 1687 127 1714; baseline 0 0"><span class='ocrx_word' id='word_1_45' title='bbox 69 1687 127 1714; x_wconf 69' lang='lat'>640</span> 
     </span>
     <span class='ocr_line' id='line_1_35' title="bbox 68 1736 126 1765; baseline 0.017 -1"><span class='ocrx_word' id='word_1_46' title='bbox 68 1736 126 1765; x_wconf 74' lang='lat'>642</span> 
     </span>
     <span class='ocr_line' id='line_1_36' title="bbox 68 1786 126 1814; baseline 0 0"><span class='ocrx_word' id='word_1_47' title='bbox 68 1786 126 1814; x_wconf 68' lang='lat'>645</span> 
     </span>
    </p>
   </div>
   <div class='ocr_carea' id='block_1_30' title="bbox 11 1884 126 2162">
    <p class='ocr_par' dir='ltr' id='par_1_30' title="bbox 11 1884 126 2162">
     <span class='ocr_line' id='line_1_37' title="bbox 11 1884 126 1926; baseline 0 -13"><span class='ocrx_word' id='word_1_48' title='bbox 11 1921 15 1926; x_wconf 31' lang='lat'>¹</span> <span class='ocrx_word' id='word_1_49' title='bbox 67 1884 126 1913; x_wconf 75' lang='lat'>645</span> 
     </span>
     <span class='ocr_line' id='line_1_38' title="bbox 67 1935 124 1963; baseline 0 0"><span class='ocrx_word' id='word_1_50' title='bbox 67 1935 124 1963; x_wconf 82' lang='lat'>646</span> 
     </span>
     <span class='ocr_line' id='line_1_39' title="bbox 67 1985 124 2013; baseline -0.018 0"><span class='ocrx_word' id='word_1_51' title='bbox 67 1985 124 2013; x_wconf 82' lang='lat'>6⁵0</span> 
     </span>
     <span class='ocr_line' id='line_1_40' title="bbox 66 2034 124 2062; baseline 0 0"><span class='ocrx_word' id='word_1_52' title='bbox 66 2034 124 2062; x_wconf 88' lang='grc'>652</span> 
     </span>
     <span class='ocr_line' id='line_1_41' title="bbox 65 2083 123 2112; baseline -0.017 0"><span class='ocrx_word' id='word_1_53' title='bbox 65 2083 123 2112; x_wconf 75' lang='lat'>654</span> 
     </span>
     <span class='ocr_line' id='line_1_42' title="bbox 66 2134 123 2162; baseline 0 0"><span class='ocrx_word' id='word_1_54' title='bbox 66 2134 123 2162; x_wconf 89' lang='lat'>655</span> 
     </span>
    </p>
   </div>
   <div class='ocr_carea' id='block_1_31' title="bbox 66 2231 125 2310">
    <p class='ocr_par' dir='ltr' id='par_1_31' title="bbox 66 2231 125 2310">
     <span class='ocr_line' id='line_1_43' title="bbox 66 2231 123 2260; baseline 0 0"><span class='ocrx_word' id='word_1_55' title='bbox 66 2231 123 2260; x_wconf 90' lang='grc'>656</span> 
     </span>
     <span class='ocr_line' id='line_1_44' title="bbox 67 2282 125 2310; baseline -0.017 0"><span class='ocrx_word' id='word_1_56' title='bbox 67 2282 125 2310; x_wconf 82' lang='grc'>658</span> 
     </span>
    </p>
   </div>
   <div class='ocr_carea' id='block_1_32' title="bbox 65 2434 125 2513">
    <p class='ocr_par' dir='ltr' id='par_1_32' title="bbox 65 2434 125 2513">
     <span class='ocr_line' id='line_1_45' title="bbox 66 2434 125 2464; baseline 0.034 -2"><span class='ocrx_word' id='word_1_57' title='bbox 66 2434 125 2464; x_wconf 88' lang='grc'>660</span> 
     </span>
     <span class='ocr_line' id='line_1_46' title="bbox 65 2485 119 2513; baseline -0.019 0"><span class='ocrx_word' id='word_1_58' title='bbox 65 2485 119 2513; x_wconf 90' lang='grc'>661</span> 
     </span>
    </p>
   </div>
   <div class='ocr_carea' id='block_1_33' title="bbox 65 2633 123 2662">
    <p class='ocr_par' dir='ltr' id='par_1_33' title="bbox 65 2633 123 2662">
     <span class='ocr_line' id='line_1_47' title="bbox 65 2633 123 2662; baseline 0.017 -1"><span class='ocrx_word' id='word_1_59' title='bbox 65 2633 123 2662; x_wconf 79' lang='grc'>663</span> 
     </span>
    </p>
   </div>
   <div class='ocr_carea' id='block_1_34' title="bbox 65 2781 124 2809">
    <p class='ocr_par' dir='ltr' id='par_1_34' title="bbox 65 2781 124 2809">
     <span class='ocr_line' id='line_1_48' title="bbox 65 2781 124 2809; baseline -0.017 0"><span class='ocrx_word' id='word_1_60' title='bbox 65 2781 124 2809; x_wconf 78' lang='lat'>664</span> 
     </span>
    </p>
   </div>
   <div class='ocr_carea' id='block_1_35' title="bbox 66 2879 123 2907">
    <p class='ocr_par' dir='ltr' id='par_1_35' title="bbox 66 2879 123 2907">
     <span class='ocr_line' id='line_1_49' title="bbox 66 2879 123 2907; baseline -0.018 0"><span class='ocrx_word' id='word_1_61' title='bbox 66 2879 123 2907; x_wconf 79' lang='lat'>605</span> 
     </span>
    </p>
   </div>
   <div class='ocr_carea' id='block_1_36' title="bbox 180 740 312 771">
    <p class='ocr_par' dir='ltr' id='par_1_36' title="bbox 180 740 312 771">
     <span class='ocr_line' id='line_1_50' title="bbox 180 740 312 771; baseline 0.008 -1"><span class='ocrx_word' id='word_1_62' title='bbox 180 740 312 771; x_wconf 85' lang='lat' dir='ltr'>mortalis</span> 
     </span>
    </p>
   </div>
   <div class='ocr_carea' id='block_1_37' title="bbox 180 791 428 821">
    <p class='ocr_par' dir='ltr' id='par_1_37' title="bbox 180 791 428 821">
     <span class='ocr_line' id='line_1_51' title="bbox 180 791 428 821; baseline 0.008 -1"><span class='ocrx_word' id='word_1_63' title='bbox 180 791 278 821; x_wconf 85' lang='lat' dir='ltr'>omnia</span> <span class='ocrx_word' id='word_1_64' title='bbox 289 791 393 821; x_wconf 89' lang='lat' dir='ltr'>mirum</span> <span class='ocrx_word' id='word_1_65' title='bbox 426 809 428 811; x_wconf 89' lang='lat'>·</span> 
     </span>
    </p>
   </div>
   <div class='ocr_carea' id='block_1_38' title="bbox 173 841 362 1515">
    <p class='ocr_par' dir='ltr' id='par_1_38' title="bbox 175 841 362 1317">
     <span class='ocr_line' id='line_1_52' title="bbox 181 841 362 882; baseline 0.006 -12"><span class='ocrx_word' id='word_1_66' title='bbox 181 841 362 882; x_wconf 85' lang='lat' dir='ltr'>ninguntque</span> 
     </span>
     <span class='ocr_line' id='line_1_53' title="bbox 180 892 348 922; baseline 0.006 -2"><span class='ocrx_word' id='word_1_67' title='bbox 180 892 348 922; x_wconf 83' lang='lat' dir='ltr'>umbrantes</span> 
     </span>
     <span class='ocr_line' id='line_1_54' title="bbox 180 946 314 971; baseline 0 0"><span class='ocrx_word' id='word_1_68' title='bbox 180 946 314 971; x_wconf 85' lang='lat' dir='ltr'>catervas</span> 
     </span>
     <span class='ocr_line' id='line_1_55' title="bbox 179 990 284 1020; baseline -0.01 0"><span class='ocrx_word' id='word_1_69' title='bbox 179 990 284 1020; x_wconf 84' lang='lat' dir='ltr'>armati</span> 
     </span>
     <span class='ocr_line' id='line_1_56' title="bbox 179 1040 272 1080; baseline 0 -10"><span class='ocrx_word' id='word_1_70' title='bbox 179 1040 272 1080; x_wconf 84' lang='lat' dir='ltr'>graeci</span> 
     </span>
     <span class='ocr_line' id='line_1_57' title="bbox 179 1090 310 1130; baseline 0.015 -12"><span class='ocrx_word' id='word_1_71' title='bbox 179 1090 310 1130; x_wconf 85' lang='lat' dir='ltr'>phrigios</span> 
     </span>
     <span class='ocr_line' id='line_1_58' title="bbox 178 1138 254 1168; baseline 0.013 -1"><span class='ocrx_word' id='word_1_72' title='bbox 178 1138 254 1168; x_wconf 88' lang='lat' dir='ltr'>forte</span> 
     </span>
     <span class='ocr_line' id='line_1_59' title="bbox 178 1193 313 1218; baseline 0.007 -1"><span class='ocrx_word' id='word_1_73' title='bbox 178 1193 313 1218; x_wconf 86' lang='lat' dir='ltr'>catervas</span> 
     </span>
     <span class='ocr_line' id='line_1_60' title="bbox 176 1237 312 1267; baseline 0.007 -1"><span class='ocrx_word' id='word_1_74' title='bbox 176 1237 312 1267; x_wconf 85' lang='lat' dir='ltr'>exultant</span> 
     </span>
     <span class='ocr_line' id='line_1_61' title="bbox 175 1286 243 1317; baseline 0.015 -3"><span class='ocrx_word' id='word_1_75' title='bbox 175 1286 243 1317; x_wconf 81' lang='lat' dir='ltr'>freti</span> 
     </span>
    </p>

    <p class='ocr_par' dir='ltr' id='par_1_39' title="bbox 173 1334 301 1515">
     <span class='ocr_line' id='line_1_62' title="bbox 174 1334 255 1365; baseline 0.025 -2"><span class='ocrx_word' id='word_1_76' title='bbox 174 1334 255 1365; x_wconf 72' lang='lat' dir='ltr'>deest</span> 
     </span>
     <span class='ocr_line' id='line_1_63' title="bbox 176 1386 301 1416; baseline 0 -1"><span class='ocrx_word' id='word_1_77' title='bbox 176 1386 301 1416; x_wconf 88' lang='lat' dir='ltr'>Dicteos</span> 
     </span>
     <span class='ocr_line' id='line_1_64' title="bbox 174 1436 248 1465; baseline 0 0"><span class='ocrx_word' id='word_1_78' title='bbox 174 1436 248 1465; x_wconf 86' lang='lat' dir='ltr'>Cum</span> 
     </span>
     <span class='ocr_line' id='line_1_65' title="bbox 173 1485 288 1515; baseline 0.009 -1"><span class='ocrx_word' id='word_1_79' title='bbox 173 1485 288 1515; x_wconf 88' lang='lat' dir='ltr'>cornice</span> 
     </span>
    </p>
   </div>
   <div class='ocr_carea' id='block_1_39' title="bbox 181 1535 410 1566">
    <p class='ocr_par' dir='ltr' id='par_1_40' title="bbox 181 1535 410 1566">
     <span class='ocr_line' id='line_1_66' title="bbox 181 1535 410 1566; baseline -0.013 -2"><span class='ocrx_word' id='word_1_80' title='bbox 181 1535 290 1565; x_wconf 77' lang='lat' dir='ltr'>Versus</span> <span class='ocrx_word' id='word_1_81' title='bbox 314 1540 336 1556; x_wconf 82' lang='lat'><strong>“</strong></span> <span class='ocrx_word' id='word_1_82' title='bbox 352 1538 410 1566; x_wconf 76' lang='lat' dir='ltr'>Ar.</span> 
     </span>
    </p>
   </div>
   <div class='ocr_carea' id='block_1_40' title="bbox 170 1586 375 2372">
    <p class='ocr_par' dir='ltr' id='par_1_41' title="bbox 170 1586 375 2372">
     <span class='ocr_line' id='line_1_67' title="bbox 206 1586 351 1617; baseline 0.014 -3"><span class='ocrx_word' id='word_1_83' title='bbox 206 1586 280 1615; x_wconf 82' lang='lat' dir='ltr'>mati</span> <span class='ocrx_word' id='word_1_84' title='bbox 297 1586 351 1617; x_wconf 70' lang='lat' dir='ltr'>&amp;e</span> 
     </span>
     <span class='ocr_line' id='line_1_68' title="bbox 175 1636 278 1665; baseline 0.01 -1"><span class='ocrx_word' id='word_1_85' title='bbox 175 1636 278 1665; x_wconf 90' lang='lat' dir='ltr'>vulnus</span> 
     </span>
     <span class='ocr_line' id='line_1_69' title="bbox 174 1685 322 1724; baseline 0 -10"><span class='ocrx_word' id='word_1_86' title='bbox 174 1685 322 1724; x_wconf 84' lang='lat' dir='ltr'>predicere</span> 
     </span>
     <span class='ocr_line' id='line_1_70' title="bbox 176 1734 375 1773; baseline 0 -10"><span class='ocrx_word' id='word_1_87' title='bbox 176 1734 375 1773; x_wconf 78' lang='lat' dir='ltr'>Praesidioque</span> 
     </span>
     <span class='ocr_line' id='line_1_71' title="bbox 173 1785 250 1820; baseline 0.013 -7"><span class='ocrx_word' id='word_1_88' title='bbox 173 1785 250 1820; x_wconf 84' lang='lat' dir='ltr'>Quae</span> 
     </span>
     <span class='ocr_line' id='line_1_72' title="bbox 172 1835 278 1864; baseline 0 0"><span class='ocrx_word' id='word_1_89' title='bbox 172 1835 278 1864; x_wconf 83' lang='lat' dir='ltr'>eximie</span> 
     </span>
     <span class='ocr_line' id='line_1_73' title="bbox 172 1888 352 1914; baseline 0 0"><span class='ocrx_word' id='word_1_90' title='bbox 172 1895 293 1914; x_wconf 89' lang='lat' dir='ltr'>necesse</span> <span class='ocrx_word' id='word_1_91' title='bbox 305 1888 352 1914; x_wconf 82' lang='lat' dir='ltr'>est</span> 
     </span>
     <span class='ocr_line' id='line_1_74' title="bbox 173 1944 287 1963; baseline 0.009 -1"><span class='ocrx_word' id='word_1_92' title='bbox 173 1944 287 1963; x_wconf 78' lang='lat' dir='ltr'>summa</span> 
     </span>
     <span class='ocr_line' id='line_1_75' title="bbox 172 1995 267 2024; baseline 0 -11"><span class='ocrx_word' id='word_1_93' title='bbox 172 1995 267 2024; x_wconf 87' lang='lat' dir='ltr'>neque</span> 
     </span>
     <span class='ocr_line' id='line_1_76' title="bbox 174 2034 216 2063; baseline 0.024 -1"><span class='ocrx_word' id='word_1_94' title='bbox 174 2034 216 2063; x_wconf 82' lang='lat' dir='ltr'>Et</span> 
     </span>
     <span class='ocr_line' id='line_1_77' title="bbox 170 2094 363 2123; baseline -0.005 -9"><span class='ocrx_word' id='word_1_95' title='bbox 170 2094 363 2123; x_wconf 87' lang='lat' dir='ltr'>caereremque</span> 
     </span>
     <span class='ocr_line' id='line_1_78' title="bbox 171 2134 340 2164; baseline 0 0"><span class='ocrx_word' id='word_1_96' title='bbox 171 2134 340 2164; x_wconf 88' lang='lat' dir='ltr'>Constituet</span> 
     </span>
     <span class='ocr_line' id='line_1_79' title="bbox 170 2184 287 2213; baseline 0 0"><span class='ocrx_word' id='word_1_97' title='bbox 170 2184 287 2213; x_wconf 85' lang='lat' dir='ltr'>numine</span> 
     </span>
     <span class='ocr_line' id='line_1_80' title="bbox 172 2234 294 2264; baseline 0.008 -2"><span class='ocrx_word' id='word_1_98' title='bbox 172 2234 294 2264; x_wconf 86' lang='lat' dir='ltr'>Mavult</span> 
     </span>
     <span class='ocr_line' id='line_1_81' title="bbox 171 2293 242 2312; baseline 0 0"><span class='ocrx_word' id='word_1_99' title='bbox 171 2293 242 2312; x_wconf 88' lang='lat' dir='ltr'>vera</span> 
     </span>
     <span class='ocr_line' id='line_1_82' title="bbox 171 2332 350 2372; baseline 0.006 -11"><span class='ocrx_word' id='word_1_100' title='bbox 171 2337 270 2362; x_wconf 86' lang='lat' dir='ltr'>tamen</span> <span class='ocrx_word' id='word_1_101' title='bbox 287 2332 350 2372; x_wconf 86' lang='lat' dir='ltr'>ipse</span> 
     </span>
    </p>
   </div>
   <div class='ocr_carea' id='block_1_41' title="bbox 169 2432 381 2909">
    <p class='ocr_par' dir='ltr' id='par_1_42' title="bbox 170 2432 381 2611">
     <span class='ocr_line' id='line_1_83' title="bbox 172 2432 319 2473; baseline 0 -12"><span class='ocrx_word' id='word_1_102' title='bbox 172 2432 319 2473; x_wconf 84' lang='lat' dir='ltr'>Lanigere</span> 
     </span>
     <span class='ocr_line' id='line_1_84' title="bbox 171 2482 381 2521; baseline 0 -10"><span class='ocrx_word' id='word_1_103' title='bbox 171 2482 381 2521; x_wconf 80' lang='lat' dir='ltr'>Bucceriaeque</span> 
     </span>
     <span class='ocr_line' id='line_1_85' title="bbox 170 2532 342 2561; baseline 0.006 -1"><span class='ocrx_word' id='word_1_104' title='bbox 170 2532 273 2561; x_wconf 90' lang='lat' dir='ltr'>eodem</span> <span class='ocrx_word' id='word_1_105' title='bbox 287 2532 342 2561; x_wconf 85' lang='lat' dir='ltr'>sub</span> 
     </span>
     <span class='ocr_line' id='line_1_86' title="bbox 170 2581 233 2611; baseline -0.032 0"><span class='ocrx_word' id='word_1_106' title='bbox 170 2581 233 2611; x_wconf 78' lang='lat' dir='ltr'>caeli</span> 
     </span>
    </p>

    <p class='ocr_par' dir='ltr' id='par_1_43' title="bbox 169 2631 331 2909">
     <span class='ocr_line' id='line_1_87' title="bbox 169 2631 268 2670; baseline -0.01 -10"><span class='ocrx_word' id='word_1_107' title='bbox 169 2631 268 2670; x_wconf 84' lang='lat' dir='ltr'>specie</span> 
     </span>
     <span class='ocr_line' id='line_1_88' title="bbox 169 2681 315 2710; baseline -0.007 0"><span class='ocrx_word' id='word_1_108' title='bbox 169 2681 315 2710; x_wconf 84' lang='lat' dir='ltr'>retinente</span> 
     </span>
     <span class='ocr_line' id='line_1_89' title="bbox 170 2735 292 2769; baseline 0 -11"><span class='ocrx_word' id='word_1_109' title='bbox 170 2735 292 2769; x_wconf 84' lang='lat' dir='ltr'>parente</span> 
     </span>
     <span class='ocr_line' id='line_1_90' title="bbox 170 2789 291 2818; baseline 0.008 -10"><span class='ocrx_word' id='word_1_110' title='bbox 170 2789 291 2818; x_wconf 87' lang='lat' dir='ltr'>quaeque</span> 
     </span>
     <span class='ocr_line' id='line_1_91' title="bbox 171 2829 323 2859; baseline 0.007 -2"><span class='ocrx_word' id='word_1_111' title='bbox 171 2829 323 2859; x_wconf 81' lang='lat' dir='ltr'>imitantur</span> 
     </span>
     <span class='ocr_line' id='line_1_92' title="bbox 173 2877 331 2909; baseline 0.013 -2"><span class='ocrx_word' id='word_1_112' title='bbox 173 2877 273 2909; x_wconf 72' lang='lat' dir='ltr'>Tanta</span> <span class='ocrx_word' id='word_1_113' title='bbox 285 2885 331 2909; x_wconf 70' lang='lat' dir='ltr'>est</span> 
     </span>
    </p>
   </div>
   <div class='ocr_carea' id='block_1_42' title="bbox 460 742 679 1416">
    <p class='ocr_par' dir='ltr' id='par_1_44' title="bbox 460 742 679 1317">
     <span class='ocr_line' id='line_1_93' title="bbox 465 742 597 772; baseline 0.008 -1"><span class='ocrx_word' id='word_1_114' title='bbox 465 742 597 772; x_wconf 82' lang='lat' dir='ltr'>mortalis</span> 
     </span>
     <span class='ocr_line' id='line_1_94' title="bbox 465 792 679 822; baseline 0 -1"><span class='ocrx_word' id='word_1_115' title='bbox 465 792 562 821; x_wconf 89' lang='lat' dir='ltr'>omnia</span> <span class='ocrx_word' id='word_1_116' title='bbox 574 792 679 822; x_wconf 88' lang='lat' dir='ltr'>mirum</span> 
     </span>
     <span class='ocr_line' id='line_1_95' title="bbox 465 842 647 882; baseline -0.005 -11"><span class='ocrx_word' id='word_1_117' title='bbox 465 842 647 882; x_wconf 69' lang='lat' dir='ltr'>vinguntque</span> 
     </span>
     <span class='ocr_line' id='line_1_96' title="bbox 465 891 625 921; baseline 0.006 -1"><span class='ocrx_word' id='word_1_118' title='bbox 465 891 625 921; x_wconf 87' lang='lat' dir='ltr'>imbrantes</span> 
     </span>
     <span class='ocr_line' id='line_1_97' title="bbox 463 946 584 972; baseline 0.017 -2"><span class='ocrx_word' id='word_1_119' title='bbox 463 946 584 972; x_wconf 80' lang='lat' dir='ltr'>caterva</span> 
     </span>
     <span class='ocr_line' id='line_1_98' title="bbox 464 996 579 1021; baseline 0 -1"><span class='ocrx_word' id='word_1_120' title='bbox 464 996 579 1021; x_wconf 81' lang='lat' dir='ltr'>armata</span> 
     </span>
     <span class='ocr_line' id='line_1_99' title="bbox 463 1041 556 1080; baseline 0 -10"><span class='ocrx_word' id='word_1_121' title='bbox 463 1041 556 1080; x_wconf 84' lang='lat' dir='ltr'>graeci</span> 
     </span>
     <span class='ocr_line' id='line_1_100' title="bbox 466 1090 613 1130; baseline 0 -11"><span class='ocrx_word' id='word_1_122' title='bbox 466 1090 613 1130; x_wconf 79' lang='lat' dir='ltr'>Phrygios</span> 
     </span>
     <span class='ocr_line' id='line_1_101' title="bbox 463 1139 539 1169; baseline 0.013 -1"><span class='ocrx_word' id='word_1_123' title='bbox 463 1139 539 1169; x_wconf 89' lang='lat' dir='ltr'>forte</span> 
     </span>
     <span class='ocr_line' id='line_1_102' title="bbox 462 1193 597 1219; baseline 0 -1"><span class='ocrx_word' id='word_1_124' title='bbox 462 1193 597 1219; x_wconf 83' lang='lat' dir='ltr'>catervas</span> 
     </span>
     <span class='ocr_line' id='line_1_103' title="bbox 461 1238 596 1268; baseline 0.007 -1"><span class='ocrx_word' id='word_1_125' title='bbox 461 1238 596 1268; x_wconf 84' lang='lat' dir='ltr'>exultant</span> 
     </span>
     <span class='ocr_line' id='line_1_104' title="bbox 460 1288 530 1317; baseline 0.014 -1"><span class='ocrx_word' id='word_1_126' title='bbox 460 1288 530 1317; x_wconf 85' lang='lat' dir='ltr'>freti</span> 
     </span>
    </p>

    <p class='ocr_par' dir='ltr' id='par_1_45' title="bbox 460 1336 585 1416">
     <span class='ocr_line' id='line_1_105' title="bbox 460 1336 541 1365; baseline 0.012 -1"><span class='ocrx_word' id='word_1_127' title='bbox 460 1336 541 1365; x_wconf 74' lang='lat' dir='ltr'>deest</span> 
     </span>
     <span class='ocr_line' id='line_1_106' title="bbox 461 1386 585 1416; baseline 0.008 -1"><span class='ocrx_word' id='word_1_128' title='bbox 461 1386 585 1416; x_wconf 87' lang='lat' dir='ltr'>Dicteos</span> 
     </span>
    </p>
   </div>
   <div class='ocr_carea' id='block_1_43' title="bbox 459 1437 536 1471">
    <p class='ocr_par' dir='ltr' id='par_1_46' title="bbox 459 1437 536 1471">
     <span class='ocr_line' id='line_1_107' title="bbox 459 1437 536 1471; baseline 0 -6"><span class='ocrx_word' id='word_1_129' title='bbox 459 1437 536 1471; x_wconf 87' lang='lat' dir='ltr'>Qum</span> 
     </span>
    </p>
   </div>
   <div class='ocr_carea' id='block_1_44' title="bbox 460 1486 576 1525">
    <p class='ocr_par' dir='ltr' id='par_1_47' title="bbox 460 1486 576 1525">
     <span class='ocr_line' id='line_1_108' title="bbox 460 1486 576 1525; baseline 0.017 -11"><span class='ocrx_word' id='word_1_130' title='bbox 460 1486 576 1525; x_wconf 84' lang='lat' dir='ltr'>pernice</span> 
     </span>
    </p>
   </div>
   <div class='ocr_carea' id='block_1_45' title="bbox 466 1536 697 1565">
    <p class='ocr_par' dir='ltr' id='par_1_48' title="bbox 466 1536 697 1565">
     <span class='ocr_line' id='line_1_109' title="bbox 466 1536 697 1565; baseline 0.004 -1"><span class='ocrx_word' id='word_1_131' title='bbox 466 1536 576 1565; x_wconf 79' lang='lat' dir='ltr'>Versus</span> <span class='ocrx_word' id='word_1_132' title='bbox 599 1541 621 1555; x_wconf 75' lang='lat'>‘⁶</span> <span class='ocrx_word' id='word_1_133' title='bbox 638 1538 697 1565; x_wconf 88' lang='lat' dir='ltr'>Ar-</span> 
     </span>
    </p>
   </div>
   <div class='ocr_carea' id='block_1_46' title="bbox 456 1586 657 2314">
    <p class='ocr_par' dir='ltr' id='par_1_49' title="bbox 456 1586 657 2314">
     <span class='ocr_line' id='line_1_110' title="bbox 490 1586 634 1615; baseline 0.007 -2"><span class='ocrx_word' id='word_1_134' title='bbox 490 1586 563 1615; x_wconf 88' lang='lat' dir='ltr'>mati</span> <span class='ocrx_word' id='word_1_135' title='bbox 577 1586 634 1615; x_wconf 77' lang='lat' dir='ltr'>&amp;c-</span> 
     </span>
     <span class='ocr_line' id='line_1_111' title="bbox 459 1634 565 1664; baseline 0 -1"><span class='ocrx_word' id='word_1_136' title='bbox 459 1634 565 1664; x_wconf 83' lang='lat' dir='ltr'>vulnus</span> 
     </span>
     <span class='ocr_line' id='line_1_112' title="bbox 460 1685 609 1723; baseline 0.007 -10"><span class='ocrx_word' id='word_1_137' title='bbox 460 1685 609 1723; x_wconf 83' lang='lat' dir='ltr'>predicere</span> 
     </span>
     <span class='ocr_line' id='line_1_113' title="bbox 465 1734 657 1774; baseline 0.01 -12"><span class='ocrx_word' id='word_1_138' title='bbox 465 1734 657 1774; x_wconf 88' lang='lat' dir='ltr'>Presidioque</span> 
     </span>
     <span class='ocr_line' id='line_1_114' title="bbox 459 1785 525 1818; baseline 0 -5"><span class='ocrx_word' id='word_1_139' title='bbox 459 1785 525 1818; x_wconf 84' lang='lat' dir='ltr'>Que</span> 
     </span>
     <span class='ocr_line' id='line_1_115' title="bbox 458 1835 555 1864; baseline 0.01 -1"><span class='ocrx_word' id='word_1_140' title='bbox 458 1835 555 1864; x_wconf 86' lang='lat' dir='ltr'>exiuie</span> 
     </span>
     <span class='ocr_line' id='line_1_116' title="bbox 458 1891 610 1916; baseline 0.007 -2"><span class='ocrx_word' id='word_1_141' title='bbox 458 1891 610 1916; x_wconf 85' lang='lat' dir='ltr'>necessest</span> 
     </span>
     <span class='ocr_line' id='line_1_117' title="bbox 457 1947 541 1965; baseline 0 0"><span class='ocrx_word' id='word_1_142' title='bbox 457 1947 541 1965; x_wconf 88' lang='lat' dir='ltr'>suma</span> 
     </span>
     <span class='ocr_line' id='line_1_118' title="bbox 457 1997 551 2026; baseline 0 -10"><span class='ocrx_word' id='word_1_143' title='bbox 457 1997 551 2026; x_wconf 86' lang='lat' dir='ltr'>neque</span> 
     </span>
     <span class='ocr_line' id='line_1_119' title="bbox 459 2037 500 2066; baseline 0.024 -1"><span class='ocrx_word' id='word_1_144' title='bbox 459 2037 500 2066; x_wconf 87' lang='lat' dir='ltr'>Et</span> 
     </span>
     <span class='ocr_line' id='line_1_120' title="bbox 457 2087 651 2125; baseline 0.005 -10"><span class='ocrx_word' id='word_1_145' title='bbox 457 2087 651 2125; x_wconf 86' lang='lat' dir='ltr'>Cereremque</span> 
     </span>
     <span class='ocr_line' id='line_1_121' title="bbox 456 2137 625 2167; baseline 0.012 -2"><span class='ocrx_word' id='word_1_146' title='bbox 456 2137 625 2167; x_wconf 81' lang='lat' dir='ltr'>constitues</span> 
     </span>
     <span class='ocr_line' id='line_1_122' title="bbox 459 2185 576 2215; baseline 0 -1"><span class='ocrx_word' id='word_1_147' title='bbox 459 2185 576 2215; x_wconf 89' lang='lat' dir='ltr'>numine</span> 
     </span>
     <span class='ocr_line' id='line_1_123' title="bbox 458 2236 580 2265; baseline 0.008 -1"><span class='ocrx_word' id='word_1_148' title='bbox 458 2236 580 2265; x_wconf 88' lang='lat' dir='ltr'>Mavult</span> 
     </span>
     <span class='ocr_line' id='line_1_124' title="bbox 458 2295 528 2314; baseline 0 0"><span class='ocrx_word' id='word_1_149' title='bbox 458 2295 528 2314; x_wconf 88' lang='lat' dir='ltr'>vera</span> 
     </span>
    </p>
   </div>
   <div class='ocr_carea' id='block_1_47' title="bbox 457 2336 633 2376">
    <p class='ocr_par' dir='ltr' id='par_1_50' title="bbox 457 2336 633 2376">
     <span class='ocr_line' id='line_1_125' title="bbox 457 2336 633 2376; baseline 0.011 -12"><span class='ocrx_word' id='word_1_150' title='bbox 457 2339 555 2365; x_wconf 88' lang='lat' dir='ltr'>tamen</span> <span class='ocrx_word' id='word_1_151' title='bbox 570 2336 633 2376; x_wconf 89' lang='lat' dir='ltr'>ipse</span> 
     </span>
    </p>
   </div>
   <div class='ocr_carea' id='block_1_48' title="bbox 426 433 735 2419">
    <p class='ocr_par' dir='ltr' id='par_1_51' title="bbox 426 433 735 2419">
     <span class='ocr_line' id='line_1_126' title="bbox 426 433 735 2419; baseline 0 0"><span class='ocrx_word' id='word_1_152' title='bbox 426 433 735 2419; x_wconf 95' lang='lat' dir='ltr'> </span> 
     </span>
    </p>
   </div>
   <div class='ocr_carea' id='block_1_49' title="bbox 452 2433 626 2910">
    <p class='ocr_par' dir='ltr' id='par_1_52' title="bbox 452 2433 626 2611">
     <span class='ocr_line' id='line_1_127' title="bbox 458 2433 606 2474; baseline 0.014 -12"><span class='ocrx_word' id='word_1_153' title='bbox 458 2433 606 2474; x_wconf 80' lang='lat' dir='ltr'>Lanigere</span> 
     </span>
     <span class='ocr_line' id='line_1_128' title="bbox 458 2483 611 2512; baseline -0.007 0"><span class='ocrx_word' id='word_1_154' title='bbox 458 2483 611 2512; x_wconf 86' lang='lat' dir='ltr'>Bucceriae</span> 
     </span>
     <span class='ocr_line' id='line_1_129' title="bbox 452 2532 626 2561; baseline 0.006 -1"><span class='ocrx_word' id='word_1_155' title='bbox 452 2532 558 2561; x_wconf 72' lang='lat' dir='ltr'>eodem</span> <span class='ocrx_word' id='word_1_156' title='bbox 571 2533 626 2561; x_wconf 88' lang='lat' dir='ltr'>sub</span> 
     </span>
     <span class='ocr_line' id='line_1_130' title="bbox 457 2582 520 2611; baseline -0.016 0"><span class='ocrx_word' id='word_1_157' title='bbox 457 2582 520 2611; x_wconf 82' lang='lat' dir='ltr'>caeli</span> 
     </span>
    </p>

    <p class='ocr_par' dir='ltr' id='par_1_53' title="bbox 457 2632 620 2910">
     <span class='ocr_line' id='line_1_131' title="bbox 458 2632 552 2671; baseline 0 -11"><span class='ocrx_word' id='word_1_158' title='bbox 458 2642 471 2660; x_wconf 83' lang='lat' dir='ltr'>s</span> <span class='ocrx_word' id='word_1_159' title='bbox 474 2632 552 2671; x_wconf 88' lang='lat' dir='ltr'>petie</span> 
     </span>
     <span class='ocr_line' id='line_1_132' title="bbox 457 2681 602 2711; baseline 0 -1"><span class='ocrx_word' id='word_1_160' title='bbox 457 2681 602 2711; x_wconf 83' lang='lat' dir='ltr'>retinente</span> 
     </span>
     <span class='ocr_line' id='line_1_133' title="bbox 457 2735 578 2771; baseline 0 -11"><span class='ocrx_word' id='word_1_161' title='bbox 457 2735 578 2771; x_wconf 87' lang='lat' dir='ltr'>parente</span> 
     </span>
     <span class='ocr_line' id='line_1_134' title="bbox 459 2791 576 2820; baseline 0 -10"><span class='ocrx_word' id='word_1_162' title='bbox 459 2791 536 2820; x_wconf 81' lang='lat' dir='ltr'>queq</span> <span class='ocrx_word' id='word_1_163' title='bbox 541 2792 576 2810; x_wconf 92' lang='lat' dir='ltr'>ue</span> 
     </span>
     <span class='ocr_line' id='line_1_135' title="bbox 459 2835 610 2860; baseline 0.007 -1"><span class='ocrx_word' id='word_1_164' title='bbox 459 2835 610 2860; x_wconf 86' lang='lat' dir='ltr'>mutantur</span> 
     </span>
     <span class='ocr_line' id='line_1_136' title="bbox 461 2881 620 2910; baseline 0.006 -1"><span class='ocrx_word' id='word_1_165' title='bbox 461 2881 561 2910; x_wconf 81' lang='lat' dir='ltr'>&#39;I&#39;anta</span> <span class='ocrx_word' id='word_1_166' title='bbox 574 2885 620 2910; x_wconf 77' lang='lat' dir='ltr'>est</span> 
     </span>
    </p>
   </div>
   <div class='ocr_carea' id='block_1_50' title="bbox 745 739 958 1420">
    <p class='ocr_par' dir='ltr' id='par_1_54' title="bbox 745 739 958 1321">
     <span class='ocr_line' id='line_1_137' title="bbox 749 739 882 769; baseline 0 -1"><span class='ocrx_word' id='word_1_167' title='bbox 749 739 882 769; x_wconf 84' lang='lat' dir='ltr'>mortalis</span> 
     </span>
     <span class='ocr_line' id='line_1_138' title="bbox 749 790 958 819; baseline 0 0"><span class='ocrx_word' id='word_1_168' title='bbox 749 790 846 819; x_wconf 85' lang='lat' dir='ltr'>omnia</span> <span class='ocrx_word' id='word_1_169' title='bbox 854 790 958 819; x_wconf 88' lang='lat' dir='ltr'>mirum</span> 
     </span>
     <span class='ocr_line' id='line_1_139' title="bbox 748 841 926 880; baseline -0.006 -10"><span class='ocrx_word' id='word_1_170' title='bbox 748 841 926 880; x_wconf 78' lang='lat' dir='ltr'>vincuntque</span> 
     </span>
     <span class='ocr_line' id='line_1_140' title="bbox 748 891 908 921; baseline 0.013 -2"><span class='ocrx_word' id='word_1_171' title='bbox 748 891 908 921; x_wconf 85' lang='lat' dir='ltr'>imbrantes</span> 
     </span>
     <span class='ocr_line' id='line_1_141' title="bbox 751 946 885 971; baseline 0 0"><span class='ocrx_word' id='word_1_172' title='bbox 751 946 885 971; x_wconf 76' lang='lat' dir='ltr'>catervas</span> 
     </span>
     <span class='ocr_line' id='line_1_142' title="bbox 749 996 863 1022; baseline -0.009 0"><span class='ocrx_word' id='word_1_173' title='bbox 749 996 863 1022; x_wconf 84' lang='lat' dir='ltr'>armata</span> 
     </span>
     <span class='ocr_line' id='line_1_143' title="bbox 748 1042 837 1082; baseline 0 -11"><span class='ocrx_word' id='word_1_174' title='bbox 748 1042 837 1082; x_wconf 73' lang='lat' dir='ltr'>graeci</span> 
     </span>
     <span class='ocr_line' id='line_1_144' title="bbox 749 1091 895 1132; baseline 0 -12"><span class='ocrx_word' id='word_1_175' title='bbox 749 1091 895 1132; x_wconf 76' lang='lat' dir='ltr'>Phrygios</span> 
     </span>
     <span class='ocr_line' id='line_1_145' title="bbox 747 1142 824 1171; baseline 0.013 -1"><span class='ocrx_word' id='word_1_176' title='bbox 747 1142 824 1171; x_wconf 85' lang='lat' dir='ltr'>forte</span> 
     </span>
     <span class='ocr_line' id='line_1_146' title="bbox 748 1195 868 1221; baseline 0 -1"><span class='ocrx_word' id='word_1_177' title='bbox 748 1195 868 1221; x_wconf 81' lang='lat' dir='ltr'>caterva</span> 
     </span>
     <span class='ocr_line' id='line_1_147' title="bbox 745 1242 880 1271; baseline -0.007 0"><span class='ocrx_word' id='word_1_178' title='bbox 745 1242 880 1271; x_wconf 81' lang='lat' dir='ltr'>exultant</span> 
     </span>
     <span class='ocr_line' id='line_1_148' title="bbox 746 1292 816 1321; baseline 0 -1"><span class='ocrx_word' id='word_1_179' title='bbox 746 1292 816 1321; x_wconf 86' lang='lat' dir='ltr'>freti</span> 
     </span>
    </p>

    <p class='ocr_par' dir='ltr' id='par_1_55' title="bbox 746 1341 870 1420">
     <span class='ocr_line' id='line_1_149' title="bbox 746 1341 826 1371; baseline -0.013 -1"><span class='ocrx_word' id='word_1_180' title='bbox 746 1341 826 1371; x_wconf 70' lang='lat' dir='ltr'>deest</span> 
     </span>
     <span class='ocr_line' id='line_1_150' title="bbox 746 1391 870 1420; baseline -0.016 0"><span class='ocrx_word' id='word_1_181' title='bbox 746 1391 870 1420; x_wconf 81' lang='lat' dir='ltr'>Dicteos</span> 
     </span>
    </p>
   </div>
   <div class='ocr_carea' id='block_1_51' title="bbox 746 1440 822 1475">
    <p class='ocr_par' dir='ltr' id='par_1_56' title="bbox 746 1440 822 1475">
     <span class='ocr_line' id='line_1_151' title="bbox 746 1440 822 1475; baseline 0 -6"><span class='ocrx_word' id='word_1_182' title='bbox 746 1440 822 1475; x_wconf 86' lang='lat' dir='ltr'>Qum</span> 
     </span>
    </p>
   </div>
   <div class='ocr_carea' id='block_1_52' title="bbox 745 1490 863 1530">
    <p class='ocr_par' dir='ltr' id='par_1_57' title="bbox 745 1490 863 1530">
     <span class='ocr_line' id='line_1_152' title="bbox 745 1490 863 1530; baseline -0.008 -11"><span class='ocrx_word' id='word_1_183' title='bbox 745 1490 863 1530; x_wconf 86' lang='lat' dir='ltr'>pernice</span> 
     </span>
    </p>
   </div>
   <div class='ocr_carea' id='block_1_53' title="bbox 752 1540 983 1569">
    <p class='ocr_par' dir='ltr' id='par_1_58' title="bbox 752 1540 983 1569">
     <span class='ocr_line' id='line_1_153' title="bbox 752 1540 983 1569; baseline -0.004 -1"><span class='ocrx_word' id='word_1_184' title='bbox 752 1540 862 1569; x_wconf 71' lang='lat' dir='ltr'>Versus</span> <span class='ocrx_word' id='word_1_185' title='bbox 884 1543 906 1558; x_wconf 90' lang='lat'>“</span> <span class='ocrx_word' id='word_1_186' title='bbox 925 1540 983 1568; x_wconf 77' lang='lat' dir='ltr'>Ar-</span> 
     </span>
    </p>
   </div>
   <div class='ocr_carea' id='block_1_54' title="bbox 743 1589 941 2377">
    <p class='ocr_par' dir='ltr' id='par_1_59' title="bbox 743 1589 941 2377">
     <span class='ocr_line' id='line_1_154' title="bbox 774 1589 914 1620; baseline 0.007 -1"><span class='ocrx_word' id='word_1_187' title='bbox 774 1590 846 1619; x_wconf 84' lang='lat' dir='ltr'>mati</span> <span class='ocrx_word' id='word_1_188' title='bbox 859 1589 914 1620; x_wconf 63' lang='lat' dir='ltr'>&amp;a</span> 
     </span>
     <span class='ocr_line' id='line_1_155' title="bbox 745 1640 850 1670; baseline -0.01 0"><span class='ocrx_word' id='word_1_189' title='bbox 745 1640 850 1670; x_wconf 81' lang='lat' dir='ltr'>vulnus</span> 
     </span>
     <span class='ocr_line' id='line_1_156' title="bbox 746 1690 894 1729; baseline 0 -11"><span class='ocrx_word' id='word_1_190' title='bbox 746 1690 894 1729; x_wconf 82' lang='lat' dir='ltr'>predicere</span> 
     </span>
     <span class='ocr_line' id='line_1_157' title="bbox 747 1739 939 1778; baseline 0 -10"><span class='ocrx_word' id='word_1_191' title='bbox 747 1739 939 1778; x_wconf 83' lang='lat' dir='ltr'>Presidioque</span> 
     </span>
     <span class='ocr_line' id='line_1_158' title="bbox 745 1791 812 1824; baseline 0 -5"><span class='ocrx_word' id='word_1_192' title='bbox 745 1791 812 1824; x_wconf 83' lang='lat' dir='ltr'>Que</span> 
     </span>
     <span class='ocr_line' id='line_1_159' title="bbox 745 1839 842 1868; baseline -0.01 0"><span class='ocrx_word' id='word_1_193' title='bbox 745 1839 842 1868; x_wconf 84' lang='lat' dir='ltr'>exinie</span> 
     </span>
     <span class='ocr_line' id='line_1_160' title="bbox 745 1892 898 1918; baseline 0 0"><span class='ocrx_word' id='word_1_194' title='bbox 745 1892 898 1918; x_wconf 82' lang='lat' dir='ltr'>necessest</span> 
     </span>
     <span class='ocr_line' id='line_1_161' title="bbox 743 1949 827 1968; baseline -0.012 0"><span class='ocrx_word' id='word_1_195' title='bbox 743 1949 827 1968; x_wconf 87' lang='lat' dir='ltr'>suma</span> 
     </span>
     <span class='ocr_line' id='line_1_162' title="bbox 744 1998 838 2027; baseline -0.011 -10"><span class='ocrx_word' id='word_1_196' title='bbox 744 1998 838 2027; x_wconf 92' lang='lat' dir='ltr'>neque</span> 
     </span>
     <span class='ocr_line' id='line_1_163' title="bbox 747 2040 789 2069; baseline 0.024 -1"><span class='ocrx_word' id='word_1_197' title='bbox 747 2040 789 2069; x_wconf 85' lang='lat' dir='ltr'>Et</span> 
     </span>
     <span class='ocr_line' id='line_1_164' title="bbox 747 2090 941 2129; baseline -0.005 -10"><span class='ocrx_word' id='word_1_198' title='bbox 747 2090 941 2129; x_wconf 89' lang='lat' dir='ltr'>Cereremque</span> 
     </span>
     <span class='ocr_line' id='line_1_165' title="bbox 746 2139 900 2168; baseline 0.006 -1"><span class='ocrx_word' id='word_1_199' title='bbox 746 2139 900 2168; x_wconf 82' lang='lat' dir='ltr'>Constitue</span> 
     </span>
     <span class='ocr_line' id='line_1_166' title="bbox 743 2188 862 2217; baseline 0 0"><span class='ocrx_word' id='word_1_200' title='bbox 743 2188 862 2217; x_wconf 88' lang='lat' dir='ltr'>numine</span> 
     </span>
     <span class='ocr_line' id='line_1_167' title="bbox 746 2237 866 2267; baseline 0 -1"><span class='ocrx_word' id='word_1_201' title='bbox 746 2237 866 2267; x_wconf 90' lang='lat' dir='ltr'>Mavult</span> 
     </span>
     <span class='ocr_line' id='line_1_168' title="bbox 745 2298 815 2317; baseline 0 0"><span class='ocrx_word' id='word_1_202' title='bbox 745 2298 815 2317; x_wconf 84' lang='lat' dir='ltr'>vera</span> 
     </span>
     <span class='ocr_line' id='line_1_169' title="bbox 744 2337 919 2377; baseline 0 -11"><span class='ocrx_word' id='word_1_203' title='bbox 744 2341 842 2366; x_wconf 84' lang='lat' dir='ltr'>tamen</span> <span class='ocrx_word' id='word_1_204' title='bbox 855 2337 919 2377; x_wconf 86' lang='lat' dir='ltr'>ipse</span> 
     </span>
    </p>
   </div>
   <div class='ocr_carea' id='block_1_55' title="bbox 743 2434 913 2911">
    <p class='ocr_par' dir='ltr' id='par_1_60' title="bbox 743 2434 913 2911">
     <span class='ocr_line' id='line_1_170' title="bbox 746 2434 893 2475; baseline 0.02 -13"><span class='ocrx_word' id='word_1_205' title='bbox 746 2434 893 2475; x_wconf 87' lang='lat' dir='ltr'>Lanigere</span> 
     </span>
     <span class='ocr_line' id='line_1_171' title="bbox 745 2484 894 2513; baseline 0.007 -1"><span class='ocrx_word' id='word_1_206' title='bbox 745 2484 894 2513; x_wconf 85' lang='lat' dir='ltr'>Bucceriae</span> 
     </span>
     <span class='ocr_line' id='line_1_172' title="bbox 743 2534 913 2563; baseline 0.006 -1"><span class='ocrx_word' id='word_1_207' title='bbox 743 2534 844 2563; x_wconf 89' lang='lat' dir='ltr'>eodem</span> <span class='ocrx_word' id='word_1_208' title='bbox 858 2535 913 2563; x_wconf 91' lang='lat' dir='ltr'>sub</span> 
     </span>
     <span class='ocr_line' id='line_1_173' title="bbox 743 2583 810 2613; baseline 0.015 -1"><span class='ocrx_word' id='word_1_209' title='bbox 743 2583 810 2613; x_wconf 71' lang='lat' dir='ltr'>caeli</span> 
     </span>
     <span class='ocr_line' id='line_1_174' title="bbox 744 2633 838 2673; baseline 0 -11"><span class='ocrx_word' id='word_1_210' title='bbox 744 2633 838 2673; x_wconf 83' lang='lat' dir='ltr'>spetie</span> 
     </span>
     <span class='ocr_line' id='line_1_175' title="bbox 746 2683 891 2712; baseline 0.007 -1"><span class='ocrx_word' id='word_1_211' title='bbox 746 2683 891 2712; x_wconf 83' lang='lat' dir='ltr'>retinente</span> 
     </span>
     <span class='ocr_line' id='line_1_176' title="bbox 746 2737 868 2771; baseline -0.008 -10"><span class='ocrx_word' id='word_1_212' title='bbox 746 2737 868 2771; x_wconf 83' lang='lat' dir='ltr'>parente</span> 
     </span>
     <span class='ocr_line' id='line_1_177' title="bbox 746 2792 860 2820; baseline 0.009 -11"><span class='ocrx_word' id='word_1_213' title='bbox 746 2792 860 2820; x_wconf 82' lang='lat' dir='ltr'>queque</span> 
     </span>
     <span class='ocr_line' id='line_1_178' title="bbox 747 2834 897 2860; baseline 0.007 -1"><span class='ocrx_word' id='word_1_214' title='bbox 747 2834 897 2860; x_wconf 82' lang='lat' dir='ltr'>mutantur</span> 
     </span>
     <span class='ocr_line' id='line_1_179' title="bbox 747 2881 905 2911; baseline 0.013 -2"><span class='ocrx_word' id='word_1_215' title='bbox 747 2881 846 2911; x_wconf 80' lang='lat' dir='ltr'>Tanta</span> <span class='ocrx_word' id='word_1_216' title='bbox 859 2885 905 2911; x_wconf 80' lang='lat' dir='ltr'>est</span> 
     </span>
    </p>
   </div>
   <div class='ocr_carea' id='block_1_56' title="bbox 1033 740 1271 1965">
    <p class='ocr_par' dir='ltr' id='par_1_61' title="bbox 1033 740 1271 1965">
     <span class='ocr_line' id='line_1_180' title="bbox 1035 740 1183 769; baseline 0 0"><span class='ocrx_word' id='word_1_217' title='bbox 1035 740 1183 769; x_wconf 84' lang='lat' dir='ltr'>mortaleis</span> 
     </span>
     <span class='ocr_line' id='line_1_181' title="bbox 1035 790 1244 819; baseline 0 -1"><span class='ocrx_word' id='word_1_218' title='bbox 1035 790 1132 819; x_wconf 82' lang='lat' dir='ltr'>omnia</span> <span class='ocrx_word' id='word_1_219' title='bbox 1140 790 1244 819; x_wconf 90' lang='lat' dir='ltr'>mirum</span> 
     </span>
     <span class='ocr_line' id='line_1_182' title="bbox 1036 840 1224 878; baseline -0.005 -9"><span class='ocrx_word' id='word_1_220' title='bbox 1036 840 1224 878; x_wconf 86' lang='lat' dir='ltr'>vinciuntque</span> 
     </span>
     <span class='ocr_line' id='line_1_183' title="bbox 1035 890 1203 919; baseline 0 -1"><span class='ocrx_word' id='word_1_221' title='bbox 1035 890 1203 919; x_wconf 84' lang='lat' dir='ltr'>umbrantes</span> 
     </span>
     <span class='ocr_line' id='line_1_184' title="bbox 1034 946 1169 970; baseline 0 0"><span class='ocrx_word' id='word_1_222' title='bbox 1034 946 1169 970; x_wconf 81' lang='lat' dir='ltr'>catervas</span> 
     </span>
     <span class='ocr_line' id='line_1_185' title="bbox 1036 995 1150 1019; baseline 0 0"><span class='ocrx_word' id='word_1_223' title='bbox 1036 995 1150 1019; x_wconf 87' lang='lat' dir='ltr'>armata</span> 
     </span>
     <span class='ocr_line' id='line_1_186' title="bbox 1035 1039 1120 1068; baseline 0 0"><span class='ocrx_word' id='word_1_224' title='bbox 1035 1039 1120 1068; x_wconf 85' lang='lat' dir='ltr'>Graii</span> 
     </span>
     <span class='ocr_line' id='line_1_187' title="bbox 1037 1089 1184 1129; baseline 0 -11"><span class='ocrx_word' id='word_1_225' title='bbox 1037 1089 1184 1129; x_wconf 80' lang='lat' dir='ltr'>Phrygios</span> 
     </span>
     <span class='ocr_line' id='line_1_188' title="bbox 1033 1143 1113 1168; baseline 0 0"><span class='ocrx_word' id='word_1_226' title='bbox 1033 1143 1113 1168; x_wconf 82' lang='lat' dir='ltr'>sorte</span> 
     </span>
     <span class='ocr_line' id='line_1_189' title="bbox 1034 1193 1163 1217; baseline 0 0"><span class='ocrx_word' id='word_1_227' title='bbox 1034 1193 1163 1217; x_wconf 86' lang='lat' dir='ltr'>catervae</span> 
     </span>
     <span class='ocr_line' id='line_1_190' title="bbox 1033 1237 1169 1266; baseline 0.007 -1"><span class='ocrx_word' id='word_1_228' title='bbox 1033 1237 1169 1266; x_wconf 82' lang='lat' dir='ltr'>exultant</span> 
     </span>
     <span class='ocr_line' id='line_1_191' title="bbox 1034 1286 1104 1316; baseline 0 -1"><span class='ocrx_word' id='word_1_229' title='bbox 1034 1286 1104 1316; x_wconf 84' lang='lat' dir='ltr'>freti</span> 
     </span>
     <span class='ocr_line' id='line_1_192' title="bbox 1034 1336 1115 1365; baseline 0 0"><span class='ocrx_word' id='word_1_230' title='bbox 1034 1336 1115 1365; x_wconf 79' lang='lat' dir='ltr'>deest</span> 
     </span>
     <span class='ocr_line' id='line_1_193' title="bbox 1036 1386 1170 1415; baseline 0.007 -1"><span class='ocrx_word' id='word_1_231' title='bbox 1036 1386 1170 1415; x_wconf 82' lang='lat' dir='ltr'>Dictaeos</span> 
     </span>
     <span class='ocr_line' id='line_1_194' title="bbox 1034 1435 1107 1464; baseline 0 0"><span class='ocrx_word' id='word_1_232' title='bbox 1034 1435 1107 1464; x_wconf 87' lang='lat' dir='ltr'>Cum</span> 
     </span>
     <span class='ocr_line' id='line_1_195' title="bbox 1033 1486 1150 1525; baseline 0 -10"><span class='ocrx_word' id='word_1_233' title='bbox 1033 1486 1150 1525; x_wconf 86' lang='lat' dir='ltr'>pernice</span> 
     </span>
     <span class='ocr_line' id='line_1_196' title="bbox 1040 1536 1271 1566; baseline 0.004 -1"><span class='ocrx_word' id='word_1_234' title='bbox 1040 1536 1150 1565; x_wconf 81' lang='lat' dir='ltr'>Versus</span> <span class='ocrx_word' id='word_1_235' title='bbox 1175 1541 1197 1554; x_wconf 79' lang='lat'>‘⁶</span> <span class='ocrx_word' id='word_1_236' title='bbox 1212 1538 1271 1566; x_wconf 88' lang='lat' dir='ltr'>Ar-</span> 
     </span>
     <span class='ocr_line' id='line_1_197' title="bbox 1063 1586 1206 1615; baseline 0 0"><span class='ocrx_word' id='word_1_237' title='bbox 1063 1586 1135 1615; x_wconf 87' lang='lat' dir='ltr'>mati</span> <span class='ocrx_word' id='word_1_238' title='bbox 1150 1586 1206 1615; x_wconf 76' lang='lat' dir='ltr'>&amp;c-</span> 
     </span>
     <span class='ocr_line' id='line_1_198' title="bbox 1034 1636 1137 1665; baseline 0.01 -1"><span class='ocrx_word' id='word_1_239' title='bbox 1034 1636 1137 1665; x_wconf 80' lang='lat' dir='ltr'>volnus</span> 
     </span>
     <span class='ocr_line' id='line_1_199' title="bbox 1034 1685 1194 1725; baseline 0 -11"><span class='ocrx_word' id='word_1_240' title='bbox 1034 1685 1194 1725; x_wconf 84' lang='lat' dir='ltr'>praedicere</span> 
     </span>
     <span class='ocr_line' id='line_1_200' title="bbox 1037 1735 1236 1775; baseline 0 -11"><span class='ocrx_word' id='word_1_241' title='bbox 1037 1735 1236 1775; x_wconf 82' lang='lat' dir='ltr'>Praesidioque</span> 
     </span>
     <span class='ocr_line' id='line_1_201' title="bbox 1033 1787 1108 1821; baseline 0 -6"><span class='ocrx_word' id='word_1_242' title='bbox 1033 1787 1108 1821; x_wconf 72' lang='lat' dir='ltr'>Qum</span> 
     </span>
     <span class='ocr_line' id='line_1_202' title="bbox 1033 1836 1138 1865; baseline 0 0"><span class='ocrx_word' id='word_1_243' title='bbox 1033 1836 1138 1865; x_wconf 85' lang='lat' dir='ltr'>eximie</span> 
     </span>
     <span class='ocr_line' id='line_1_203' title="bbox 1035 1889 1186 1915; baseline -0.007 0"><span class='ocrx_word' id='word_1_244' title='bbox 1035 1889 1186 1915; x_wconf 80' lang='lat' dir='ltr'>necessest</span> 
     </span>
     <span class='ocr_line' id='line_1_204' title="bbox 1033 1946 1146 1965; baseline -0.009 0"><span class='ocrx_word' id='word_1_245' title='bbox 1033 1946 1146 1965; x_wconf 85' lang='lat' dir='ltr'>summa</span> 
     </span>
    </p>
   </div>
   <div class='ocr_carea' id='block_1_57' title="bbox 1032 2085 1276 2364">
    <p class='ocr_par' dir='ltr' id='par_1_62' title="bbox 1032 2085 1226 2214">
     <span class='ocr_line' id='line_1_205' title="bbox 1033 2085 1226 2124; baseline 0 -10"><span class='ocrx_word' id='word_1_246' title='bbox 1033 2085 1226 2124; x_wconf 82' lang='lat' dir='ltr'>Cereremque</span> 
     </span>
     <span class='ocr_line' id='line_1_206' title="bbox 1032 2135 1201 2165; baseline 0 -1"><span class='ocrx_word' id='word_1_247' title='bbox 1032 2135 1201 2165; x_wconf 87' lang='lat' dir='ltr'>Constituet</span> 
     </span>
     <span class='ocr_line' id='line_1_207' title="bbox 1032 2184 1149 2214; baseline -0.009 0"><span class='ocrx_word' id='word_1_248' title='bbox 1032 2184 1149 2214; x_wconf 91' lang='lat' dir='ltr'>numine</span> 
     </span>
    </p>

    <p class='ocr_par' dir='ltr' id='par_1_63' title="bbox 1032 2234 1144 2263">
     <span class='ocr_line' id='line_1_208' title="bbox 1032 2234 1144 2263; baseline 0 0"><span class='ocrx_word' id='word_1_249' title='bbox 1032 2234 1144 2263; x_wconf 87' lang='lat' dir='ltr'>mavult</span> 
     </span>
    </p>

    <p class='ocr_par' dir='ltr' id='par_1_64' title="bbox 1032 2294 1102 2313">
     <span class='ocr_line' id='line_1_209' title="bbox 1032 2294 1102 2313; baseline 0 0"><span class='ocrx_word' id='word_1_250' title='bbox 1032 2294 1102 2313; x_wconf 84' lang='lat' dir='ltr'>vera</span> 
     </span>
    </p>

    <p class='ocr_par' dir='ltr' id='par_1_65' title="bbox 1032 2334 1276 2364">
     <span class='ocr_line' id='line_1_210' title="bbox 1032 2334 1276 2364; baseline 0.004 -1"><span class='ocrx_word' id='word_1_251' title='bbox 1032 2339 1130 2363; x_wconf 85' lang='lat' dir='ltr'>tamen</span> <span class='ocrx_word' id='word_1_252' title='bbox 1143 2334 1222 2363; x_wconf 86' lang='lat' dir='ltr'>haud</span> <span class='ocrx_word' id='word_1_253' title='bbox 1236 2334 1276 2364; x_wconf 86' lang='lat' dir='ltr'>sit</span> 
     </span>
    </p>
   </div>
   <div class='ocr_carea' id='block_1_58' title="bbox 1033 2433 1227 2911">
    <p class='ocr_par' dir='ltr' id='par_1_66' title="bbox 1033 2433 1227 2613">
     <span class='ocr_line' id='line_1_211' title="bbox 1034 2433 1190 2473; baseline 0 -11"><span class='ocrx_word' id='word_1_254' title='bbox 1034 2433 1190 2473; x_wconf 82' lang='lat' dir='ltr'>Lanigerae</span> 
     </span>
     <span class='ocr_line' id='line_1_212' title="bbox 1035 2483 1227 2522; baseline 0.005 -11"><span class='ocrx_word' id='word_1_255' title='bbox 1035 2483 1227 2522; x_wconf 85' lang='lat' dir='ltr'>Buceriaeque</span> 
     </span>
     <span class='ocr_line' id='line_1_213' title="bbox 1033 2533 1202 2563; baseline 0 -1"><span class='ocrx_word' id='word_1_256' title='bbox 1033 2534 1087 2563; x_wconf 87' lang='lat' dir='ltr'>sub</span> <span class='ocrx_word' id='word_1_257' title='bbox 1100 2533 1202 2562; x_wconf 87' lang='lat' dir='ltr'>eodem</span> 
     </span>
     <span class='ocr_line' id='line_1_214' title="bbox 1034 2583 1096 2613; baseline -0.032 0"><span class='ocrx_word' id='word_1_258' title='bbox 1034 2583 1096 2613; x_wconf 80' lang='lat' dir='ltr'>caeli</span> 
     </span>
    </p>

    <p class='ocr_par' dir='ltr' id='par_1_67' title="bbox 1033 2633 1220 2772">
     <span class='ocr_line' id='line_1_215' title="bbox 1033 2633 1131 2673; baseline 0 -11"><span class='ocrx_word' id='word_1_259' title='bbox 1033 2633 1131 2673; x_wconf 80' lang='lat' dir='ltr'>spec-ie</span> 
     </span>
     <span class='ocr_line' id='line_1_216' title="bbox 1034 2684 1220 2722; baseline 0 -10"><span class='ocrx_word' id='word_1_260' title='bbox 1034 2684 1220 2722; x_wconf 83' lang='lat' dir='ltr'>retinentque</span> 
     </span>
     <span class='ocr_line' id='line_1_217' title="bbox 1034 2738 1187 2772; baseline 0.007 -11"><span class='ocrx_word' id='word_1_261' title='bbox 1034 2738 1187 2772; x_wconf 74' lang='lat' dir='ltr'>parentum</span> 
     </span>
    </p>

    <p class='ocr_par' dir='ltr' id='par_1_68' title="bbox 1033 2793 1186 2911">
     <span class='ocr_line' id='line_1_218' title="bbox 1033 2793 1160 2822; baseline 0 -11"><span class='ocrx_word' id='word_1_262' title='bbox 1033 2795 1052 2822; x_wconf 74' lang='lat' dir='ltr'>(l</span> <span class='ocrx_word' id='word_1_263' title='bbox 1056 2795 1071 2812; x_wconf 71' lang='lat' dir='ltr'>[l</span> <span class='ocrx_word' id='word_1_264' title='bbox 1075 2793 1160 2822; x_wconf 74' lang='lat' dir='ltr'>oeque</span> 
     </span>
     <span class='ocr_line' id='line_1_219' title="bbox 1033 2832 1186 2862; baseline 0.013 -2"><span class='ocrx_word' id='word_1_265' title='bbox 1033 2832 1186 2862; x_wconf 81' lang='lat' dir='ltr'>imitantur</span> 
     </span>
     <span class='ocr_line' id='line_1_220' title="bbox 1033 2885 1148 2911; baseline 0.009 -1"><span class='ocrx_word' id='word_1_266' title='bbox 1033 2885 1148 2911; x_wconf 77' lang='lat' dir='ltr'>tantast</span> 
     </span>
    </p>
   </div>
   <div class='ocr_carea' id='block_1_59' title="bbox 1320 736 1526 1560">
    <p class='ocr_par' dir='ltr' id='par_1_69' title="bbox 1320 736 1526 1312">
     <span class='ocr_line' id='line_1_221' title="bbox 1322 736 1471 765; baseline 0 0"><span class='ocrx_word' id='word_1_267' title='bbox 1322 736 1471 765; x_wconf 83' lang='lat' dir='ltr'>mortaleis</span> 
     </span>
     <span class='ocr_line' id='line_1_222' title="bbox 1321 785 1526 815; baseline -0.005 0"><span class='ocrx_word' id='word_1_268' title='bbox 1321 796 1405 815; x_wconf 85' lang='lat' dir='ltr'>omne</span> <span class='ocrx_word' id='word_1_269' title='bbox 1415 785 1526 815; x_wconf 86' lang='lat' dir='ltr'>viarum</span> 
     </span>
     <span class='ocr_line' id='line_1_223' title="bbox 1322 835 1504 875; baseline 0 -11"><span class='ocrx_word' id='word_1_270' title='bbox 1322 835 1504 875; x_wconf 79' lang='lat' dir='ltr'>ninguntque</span> 
     </span>
     <span class='ocr_line' id='line_1_224' title="bbox 1321 886 1489 918; baseline 0 -4"><span class='ocrx_word' id='word_1_271' title='bbox 1321 886 1489 918; x_wconf 73' lang='lat' dir='ltr'>umbrantes</span> 
     </span>
     <span class='ocr_line' id='line_1_225' title="bbox 1321 939 1454 964; baseline 0.008 -1"><span class='ocrx_word' id='word_1_272' title='bbox 1321 939 1454 964; x_wconf 79' lang='lat' dir='ltr'>catervas</span> 
     </span>
     <span class='ocr_line' id='line_1_226' title="bbox 1321 990 1435 1013; baseline 0 0"><span class='ocrx_word' id='word_1_273' title='bbox 1321 990 1435 1013; x_wconf 80' lang='lat' dir='ltr'>armata</span> 
     </span>
     <span class='ocr_line' id='line_1_227' title="bbox 1321 1035 1405 1064; baseline 0.012 -1"><span class='ocrx_word' id='word_1_274' title='bbox 1321 1035 1405 1064; x_wconf 83' lang='lat' dir='ltr'>Graii</span> 
     </span>
     <span class='ocr_line' id='line_1_228' title="bbox 1323 1084 1469 1124; baseline 0 -11"><span class='ocrx_word' id='word_1_275' title='bbox 1323 1084 1469 1124; x_wconf 76' lang='lat' dir='ltr'>Phrygios</span> 
     </span>
     <span class='ocr_line' id='line_1_229' title="bbox 1320 1134 1395 1163; baseline 0.013 -1"><span class='ocrx_word' id='word_1_276' title='bbox 1320 1134 1395 1163; x_wconf 87' lang='lat' dir='ltr'>forte</span> 
     </span>
     <span class='ocr_line' id='line_1_230' title="bbox 1320 1189 1440 1213; baseline 0.008 -1"><span class='ocrx_word' id='word_1_277' title='bbox 1320 1189 1440 1213; x_wconf 81' lang='lat' dir='ltr'>catenas</span> 
     </span>
     <span class='ocr_line' id='line_1_231' title="bbox 1321 1234 1476 1262; baseline 0 0"><span class='ocrx_word' id='word_1_278' title='bbox 1321 1234 1476 1262; x_wconf 80' lang='lat' dir='ltr'>exsultant</span> 
     </span>
     <span class='ocr_line' id='line_1_232' title="bbox 1322 1283 1385 1312; baseline 0 -1"><span class='ocrx_word' id='word_1_279' title='bbox 1322 1283 1385 1312; x_wconf 79' lang='lat' dir='ltr'>laeti</span> 
     </span>
    </p>

    <p class='ocr_par' dir='ltr' id='par_1_70' title="bbox 1322 1338 1352 1362">
     <span class='ocr_line' id='line_1_233' title="bbox 1322 1338 1352 1362; baseline 0.033 -1"><span class='ocrx_word' id='word_1_280' title='bbox 1322 1338 1352 1362; x_wconf 88' lang='lat' dir='ltr'>et</span> 
     </span>
    </p>

    <p class='ocr_par' dir='ltr' id='par_1_71' title="bbox 1322 1382 1456 1560">
     <span class='ocr_line' id='line_1_234' title="bbox 1325 1382 1456 1412; baseline 0.015 -2"><span class='ocrx_word' id='word_1_281' title='bbox 1325 1382 1456 1412; x_wconf 85' lang='lat' dir='ltr'>Dictaeos</span> 
     </span>
     <span class='ocr_line' id='line_1_235' title="bbox 1322 1432 1395 1460; baseline 0 0"><span class='ocrx_word' id='word_1_282' title='bbox 1322 1432 1395 1460; x_wconf 91' lang='lat' dir='ltr'>Cum</span> 
     </span>
     <span class='ocr_line' id='line_1_236' title="bbox 1322 1480 1438 1520; baseline -0.009 -11"><span class='ocrx_word' id='word_1_283' title='bbox 1322 1480 1438 1520; x_wconf 87' lang='lat' dir='ltr'>pernice</span> 
     </span>
     <span class='ocr_line' id='line_1_237' title="bbox 1322 1531 1402 1560; baseline 0.013 -1"><span class='ocrx_word' id='word_1_284' title='bbox 1322 1531 1402 1560; x_wconf 73' lang='lat' dir='ltr'>deest</span> 
     </span>
    </p>
   </div>
   <div class='ocr_carea' id='block_1_60' title="bbox 1320 1630 1543 2471">
    <p class='ocr_par' dir='ltr' id='par_1_72' title="bbox 1325 1630 1424 1659">
     <span class='ocr_line' id='line_1_238' title="bbox 1325 1630 1424 1659; baseline 0 0"><span class='ocrx_word' id='word_1_285' title='bbox 1325 1630 1424 1659; x_wconf 87' lang='lat' dir='ltr'>volnus</span> 
     </span>
    </p>

    <p class='ocr_par' dir='ltr' id='par_1_73' title="bbox 1323 1681 1479 1721">
     <span class='ocr_line' id='line_1_239' title="bbox 1323 1681 1479 1721; baseline -0.013 -10"><span class='ocrx_word' id='word_1_286' title='bbox 1323 1681 1479 1721; x_wconf 63' lang='lat' dir='ltr'>praedicere</span> 
     </span>
    </p>

    <p class='ocr_par' dir='ltr' id='par_1_74' title="bbox 1326 1728 1525 1768">
     <span class='ocr_line' id='line_1_240' title="bbox 1326 1728 1525 1768; baseline -0.005 -9"><span class='ocrx_word' id='word_1_287' title='bbox 1326 1728 1525 1768; x_wconf 82' lang='lat' dir='ltr'>Praesidioque</span> 
     </span>
    </p>

    <p class='ocr_par' dir='ltr' id='par_1_75' title="bbox 1323 1782 1398 1816">
     <span class='ocr_line' id='line_1_241' title="bbox 1323 1782 1398 1816; baseline -0.013 -5"><span class='ocrx_word' id='word_1_288' title='bbox 1323 1782 1398 1816; x_wconf 82' lang='lat' dir='ltr'>Quae</span> 
     </span>
    </p>

    <p class='ocr_par' dir='ltr' id='par_1_76' title="bbox 1323 1831 1430 1860">
     <span class='ocr_line' id='line_1_242' title="bbox 1323 1831 1430 1860; baseline 0 0"><span class='ocrx_word' id='word_1_289' title='bbox 1323 1831 1430 1860; x_wconf 79' lang='lat' dir='ltr'>eximie</span> 
     </span>
    </p>

    <p class='ocr_par' dir='ltr' id='par_1_77' title="bbox 1322 1880 1484 1910">
     <span class='ocr_line' id='line_1_243' title="bbox 1322 1880 1484 1910; baseline 0 0"><span class='ocrx_word' id='word_1_290' title='bbox 1322 1880 1484 1910; x_wconf 84' lang='lat' dir='ltr'>necesse&#39;st</span> 
     </span>
    </p>

    <p class='ocr_par' dir='ltr' id='par_1_78' title="bbox 1321 1942 1434 1960">
     <span class='ocr_line' id='line_1_244' title="bbox 1321 1942 1434 1960; baseline 0.009 -1"><span class='ocrx_word' id='word_1_291' title='bbox 1321 1942 1434 1960; x_wconf 82' lang='lat' dir='ltr'>summa</span> 
     </span>
    </p>

    <p class='ocr_par' dir='ltr' id='par_1_79' title="bbox 1322 1992 1375 2010">
     <span class='ocr_line' id='line_1_245' title="bbox 1322 1992 1375 2010; baseline 0 0"><span class='ocrx_word' id='word_1_292' title='bbox 1322 1992 1375 2010; x_wconf 86' lang='lat' dir='ltr'>nee</span> 
     </span>
    </p>

    <p class='ocr_par' dir='ltr' id='par_1_80' title="bbox 1324 2030 1382 2060">
     <span class='ocr_line' id='line_1_246' title="bbox 1324 2030 1382 2060; baseline 0 0"><span class='ocrx_word' id='word_1_293' title='bbox 1324 2030 1382 2060; x_wconf 87' lang='lat' dir='ltr'>Sed</span> 
     </span>
    </p>

    <p class='ocr_par' dir='ltr' id='par_1_81' title="bbox 1322 2081 1515 2120">
     <span class='ocr_line' id='line_1_247' title="bbox 1322 2081 1515 2120; baseline 0 -11"><span class='ocrx_word' id='word_1_294' title='bbox 1322 2081 1515 2120; x_wconf 84' lang='lat' dir='ltr'>Cereremque</span> 
     </span>
    </p>

    <p class='ocr_par' dir='ltr' id='par_1_82' title="bbox 1322 2131 1491 2160">
     <span class='ocr_line' id='line_1_248' title="bbox 1322 2131 1491 2160; baseline 0 0"><span class='ocrx_word' id='word_1_295' title='bbox 1322 2131 1491 2160; x_wconf 83' lang='lat' dir='ltr'>Constituet</span> 
     </span>
    </p>

    <p class='ocr_par' dir='ltr' id='par_1_83' title="bbox 1321 2181 1436 2210">
     <span class='ocr_line' id='line_1_249' title="bbox 1321 2181 1436 2210; baseline -0.009 0"><span class='ocrx_word' id='word_1_296' title='bbox 1321 2181 1436 2210; x_wconf 90' lang='lat' dir='ltr'>nomine</span> 
     </span>
    </p>

    <p class='ocr_par' dir='ltr' id='par_1_84' title="bbox 1323 2231 1441 2261">
     <span class='ocr_line' id='line_1_250' title="bbox 1323 2231 1441 2261; baseline -0.008 0"><span class='ocrx_word' id='word_1_297' title='bbox 1323 2231 1441 2261; x_wconf 82' lang='lat' dir='ltr'>Mavolt</span> 
     </span>
    </p>

    <p class='ocr_par' dir='ltr' id='par_1_85' title="bbox 1320 2282 1403 2312">
     <span class='ocr_line' id='line_1_251' title="bbox 1320 2282 1403 2312; baseline 0 -1"><span class='ocrx_word' id='word_1_298' title='bbox 1320 2282 1403 2312; x_wconf 67' lang='lat' dir='ltr'>deest</span> 
     </span>
    </p>

    <p class='ocr_par' dir='ltr' id='par_1_86' title="bbox 1321 2333 1543 2422">
     <span class='ocr_line' id='line_1_252' title="bbox 1321 2333 1543 2362; baseline -0.014 0"><span class='ocrx_word' id='word_1_299' title='bbox 1321 2344 1377 2362; x_wconf 90' lang='lat' dir='ltr'>non</span> <span class='ocrx_word' id='word_1_300' title='bbox 1391 2333 1431 2361; x_wconf 86' lang='lat' dir='ltr'>sit</span> <span class='ocrx_word' id='word_1_301' title='bbox 1445 2335 1543 2360; x_wconf 84' lang='lat' dir='ltr'>tamen</span> 
     </span>
     <span class='ocr_line' id='line_1_253' title="bbox 1353 2392 1434 2422; baseline -0.037 -10"><span class='ocrx_word' id='word_1_302' title='bbox 1353 2392 1434 2422; x_wconf 86' lang='lat' dir='ltr'>apse.</span> 
     </span>
    </p>

    <p class='ocr_par' dir='ltr' id='par_1_87' title="bbox 1322 2431 1477 2471">
     <span class='ocr_line' id='line_1_254' title="bbox 1322 2431 1477 2471; baseline -0.006 -11"><span class='ocrx_word' id='word_1_303' title='bbox 1322 2431 1477 2471; x_wconf 79' lang='lat' dir='ltr'>Lanigerae</span> 
     </span>
    </p>
   </div>
   <div class='ocr_carea' id='block_1_61' title="bbox 1283 2482 1514 2520">
    <p class='ocr_par' dir='ltr' id='par_1_88' title="bbox 1283 2482 1514 2520">
     <span class='ocr_line' id='line_1_255' title="bbox 1283 2482 1514 2520; baseline -0.013 -8"><span class='ocrx_word' id='word_1_304' title='bbox 1283 2511 1286 2515; x_wconf 74' lang='grc'><strong><em>,</em></strong></span> <span class='ocrx_word' id='word_1_305' title='bbox 1322 2482 1514 2520; x_wconf 84' lang='lat' dir='ltr'>Buceriaeque</span> 
     </span>
    </p>
   </div>
   <div class='ocr_carea' id='block_1_62' title="bbox 1318 2531 1506 2911">
    <p class='ocr_par' dir='ltr' id='par_1_89' title="bbox 1321 2531 1491 2610">
     <span class='ocr_line' id='line_1_256' title="bbox 1321 2531 1491 2561; baseline -0.006 -1"><span class='ocrx_word' id='word_1_306' title='bbox 1321 2532 1375 2561; x_wconf 83' lang='lat' dir='ltr'>sub</span> <span class='ocrx_word' id='word_1_307' title='bbox 1389 2531 1491 2560; x_wconf 88' lang='lat' dir='ltr'>eodem</span> 
     </span>
     <span class='ocr_line' id='line_1_257' title="bbox 1321 2581 1386 2610; baseline -0.015 0"><span class='ocrx_word' id='word_1_308' title='bbox 1321 2581 1386 2610; x_wconf 80' lang='lat' dir='ltr'>coeli</span> 
     </span>
    </p>

    <p class='ocr_par' dir='ltr' id='par_1_90' title="bbox 1318 2630 1506 2911">
     <span class='ocr_line' id='line_1_258' title="bbox 1321 2630 1420 2670; baseline 0 -11"><span class='ocrx_word' id='word_1_309' title='bbox 1321 2641 1334 2659; x_wconf 86' lang='lat' dir='ltr'>s</span> <span class='ocrx_word' id='word_1_310' title='bbox 1337 2630 1420 2670; x_wconf 77' lang='lat' dir='ltr'>pecie</span> 
     </span>
     <span class='ocr_line' id='line_1_259' title="bbox 1318 2681 1506 2720; baseline 0 -11"><span class='ocrx_word' id='word_1_311' title='bbox 1318 2681 1506 2720; x_wconf 79' lang='lat' dir='ltr'>retinentque</span> 
     </span>
     <span class='ocr_line' id='line_1_260' title="bbox 1321 2734 1476 2770; baseline -0.006 -10"><span class='ocrx_word' id='word_1_312' title='bbox 1321 2734 1476 2770; x_wconf 84' lang='lat' dir='ltr'>parentum</span> 
     </span>
     <span class='ocr_line' id='line_1_261' title="bbox 1321 2790 1444 2819; baseline -0.008 -10"><span class='ocrx_word' id='word_1_313' title='bbox 1321 2790 1444 2819; x_wconf 77' lang='lat' dir='ltr'>quaeque</span> 
     </span>
     <span class='ocr_line' id='line_1_262' title="bbox 1321 2831 1473 2860; baseline -0.007 0"><span class='ocrx_word' id='word_1_314' title='bbox 1321 2831 1473 2860; x_wconf 84' lang='lat' dir='ltr'>imitantur</span> 
     </span>
     <span class='ocr_line' id='line_1_263' title="bbox 1323 2881 1465 2911; baseline 0 -1"><span class='ocrx_word' id='word_1_315' title='bbox 1323 2881 1465 2911; x_wconf 82' lang='lat' dir='ltr'>Tanta&#39;st</span> 
     </span>
    </p>
   </div>
  </div>
 </body>
</html>
