1967 3314
452 231 809 280 RICARDIV
835 232 1220 281 BENTLEII.
1490 241 1586 282 429

254 369 320 397 649
345 362 422 397 Nec
440 369 549 406 tenet,
564 367 715 399 amissam
729 365 846 399 loevam
862 377 941 400 cum
958 364 1110 411 tegmine
1126 377 1220 411 saepe

128 434 228 477 Lego,
252 436 399 466 amissam
413 438 462 468 lzic
478 437 590 467 laevam
607 443 665 468 etc.
687 439 726 468 B.

252 544 318 572 662
344 539 458 583 Ipsam
475 537 582 584 seque
598 537 691 574 retro
707 547 842 585 partem
859 545 978 585 petere
995 551 1056 573 ore
1071 539 1234 585 priorem,

131 610 229 649 Ordo,
244 611 288 641 Et
303 618 424 649 partem
439 611 574 649 priorem
590 613 741 651 serpentis
755 611 854 652 ipsam
869 617 951 642 retro
966 617 1070 651 petere
1084 622 1117 642 se
1131 622 1193 643 ore.
1217 614 1254 643 B.

249 718 315 747 717
342 711 403 746 Sin
420 711 469 746 ita
484 714 619 746 sinceris
636 712 797 747 membris
815 712 929 747 ablata
952 712 1117 758 profugit,

125 780 252 812 Sincera
267 780 284 811 ὲ
299 780 456 812 membris.

247 889 312 918 719
338 883 442 917 Unde
458 884 621 917 cadavera
637 883 796 918 rancenti
807 884 881 929 jam
899 883 1030 919 viscere
1046 883 1193 920 vermeis

340 943 539 991 Expirant?

124 1019 164 1055 Q.
178 1019 264 1050 codd.
282 1020 443 1057 cadavere,
459 1026 502 1057 et,
518 1020 676 1053 effervent.
723 1019 822 1060 Lego,

294 1095 389 1125 Unde
404 1096 545 1126 cadaveri
561 1096 700 1127 rancenti
712 1096 780 1136 jam
796 1096 911 1126 viscere
924 1106 1045 1126 vermes

291 1150 462 1181 Effer-vent.

117 1225 148 1255 V
150 1224 208 1265 irg.
227 1225 342 1266 Georg.
360 1225 422 1255 IV.

476 1299 641 1340 liquefacta
655 1302 753 1331 boum
767 1311 823 1340 per
838 1300 953 1330 viscera
968 1306 1033 1331 toto

291 1354 426 1384 Stridere
441 1364 514 1393 apes
528 1360 629 1392 utero,
642 1360 674 1384 et
687 1356 787 1394 ruptis
803 1356 949 1385 effervere
961 1355 1062 1385 costis.

115 1427 202 1458 Vide
217 1427 268 1458 lib.
286 1428 335 1458 II.
351 1439 378 1459 v.
396 1432 466 1460 927.
491 1429 611 1459 Arnob.
626 1429 679 1459 lib.
698 1430 723 1460 Ι.
749 1429 790 1459 In
806 1429 886 1459 Asia
908 1435 939 1459 et
958 1429 1046 1469 Syria
1066 1438 1171 1459 mures
1186 1433 1217 1459 et
1231 1428 1365 1460 locustas
1380 1429 1578 1462 effervescere

71 1482 292 1524 prodigialiter.
339 1483 387 1513 Sc.
404 1483 550 1514 effervere
567 1483 659 1514 Idem
673 1484 728 1514 lib.
746 1484 798 1514 VI
804 1484 831 1514 I.
846 1484 965 1514 viscera
980 1484 1150 1514 fervescere
1165 1484 1322 1514 vermibus
1337 1490 1368 1516 et
1382 1484 1541 1517 fluctuare.

237 1591 303 1619 736
332 1585 413 1618 Cum
430 1585 591 1619 subeant:
621 1591 657 1619 at
674 1597 742 1631 qua
755 1585 905 1631 possint,
921 1585 977 1619 via
995 1584 1092 1620 nulla
1107 1585 1256 1621 videtur.

116 1657 226 1695 Quod5
252 1658 327 1688 Fab.
343 1657 435 1688 recte.

237 1760 304 1790 745
328 1756 382 1789 Ex
398 1755 544 1790 ineunte
560 1767 636 1790 aevo
653 1755 939 1800 ingenerascunt‚
955 1758 1054 1804 inque
1066 1762 1246 1803 genantur,

113 1828 154 1858 Ο.
174 1828 271 1859 MSS.
288 1828 504 1868 Ingenioque3
527 1828 654 1867 optime.
701 1828 767 1858 Cur
782 1829 901 1867 omnia,
928 1830 982 1867 ait,
1009 1835 1076 1860 tam
1090 1830 1220 1870 ingenio
1237 1830 1302 1860 sive
1316 1829 1458 1861 moribus
1472 1836 1503 1860 et
1517 1841 1573 1861 na-

70 1887 140 1912 tura
164 1888 198 1912 et
219 1882 325 1913 indole
357 1892 458 1923 genus
485 1893 580 1913 suum
605 1883 745 1914 referunt
768 1894 864 1924 quam
884 1885 1020 1924 corporis
1043 1884 1167 1917 forms?
1192 1885 1229 1916 B.
1249 1884 1345 1926 lib.·I.
1361 1888 1433 1917 589.
1455 1884 1506 1916 lib.
1524 1885 1572 1916 11-

69 1940 142 1967 664.
157 1936 211 1969 lib.
226 1937 268 1967 V.
294 1948 321 1968 v.
337 1940 408 1969 895.

234 2042 299 2070 763
325 2034 403 2069 Nec
420 2041 491 2070 tam
509 2035 635 2071 doctus
653 2048 751 2083 equae
767 2037 898 2082 pullus,
914 2036 1017 2083 quem
1034 2036 1134 2072 fortis
1149 2037 1228 2083 equi
1246 2037 1311 2073 vis:

328 2098 366 2133 Si
383 2110 455 2132 non
473 2106 569 2134 certa
586 2112 651 2134 suo
668 2101 748 2146 quia
769 2100 911 2143 semine,
937 2100 1153 2146 seminioque

324 2160 387 2196 Vis
403 2162 507 2196 animi
524 2162 655 2208 pariter
671 2162 797 2198 crescit
814 2175 894 2198 cum
912 2175 1061 2211 corpore
1076 2170 1166 2199 toto.

111 2227 201 2258 Dele.

233 2332 301 2361 794
329 2327 477 2361 Tandem
494 2327 530 2362 in
548 2328 673 2363 eodem
688 2329 828 2372 homine,
844 2335 949 2374 atque
963 2329 1002 2363 in
1019 2328 1143 2364 eodem
1159 2339 1241 2364 vase
1258 2334 1414 2364 maneret

111 2398 301 2435 Quamdem.

230 2504 297 2531 863
323 2498 524 2544 Interrupta
542 2499 649 2533 semel
667 2497 746 2534 cum
764 2498 809 2534 sit
826 2502 1010 2545 repetentia
1027 2506 1150 2544 nostra,

109 2571 148 2606 Q.
163 2580 189 2600 c.
211 2571 396 2609 retinentia3
422 2578 453 2602 et
467 2582 494 2602 o.
518 2571 606 2602 codd.
629 2573 742 2610 nostri;
764 2573 849 2614 quod
871 2573 1089 2604 rectissimum.
1135 2573 1207 2603 Vox
1229 2579 1361 2614 utraque
1383 2573 1565 2605 Memoriam

64 2623 200 2660 denotat,
213 2636 239 2654 v.
251 2628 323 2656 675.
344 2626 462 2656 Arnob.
475 2626 527 2656 lib.
546 2626 595 2657 II.
609 2637 637 2666 p.
650 2631 678 2657 6.
694 2627 739 2657 Et
753 2627 897 2667 oppositu
911 2629 1059 2667 corporis,
1076 2628 1178 2658 amitti
1193 2624 1397 2668 repetentiam
1412 2627 1565 2667 priorum,

62 2680 82 2710 i.
98 2691 123 2710 e.
149 2694 316 2719 avxswnmm
347 2691 422 2711 nam
443 2681 527 2711 infra
547 2681 648 2719 ait‚-—
659 2682 850 2712 oblivionem
874 2683 1011 2722 priorem
1035 2683 1157 2714 nullam
1178 2683 1293 2722 pati.-
1309 2683 1448 2723 priorum
1470 2683 1564 2714 remi-

64 2735 249 2766 niscentiam
264 2746 328 2765 non
344 2737 465 2766 habere.
476 2755 519 2760 -—
533 2736 674 2776 priorum
690 2737 895 2776 repetentiam
910 2737 1053 2769 detrahit.
1354 2734 1356 2737 ⁵

226 2839 293 2868 885
317 2833 392 2868 Aut
408 2834 555 2868 flammis
572 2835 732 2880 intfflfiat,
749 2835 894 2871 malisve
909 2835 1074 2870 ferarum:

103 2905 257 2947 Interfiat‚
276 2908 308 2939 id
325 2915 381 2948 est,
399 2909 616 2942 interficiatur:
644 2916 687 2948 ut,
703 2911 867 2951 patefacio,
884 2910 1006 2951 patefio.
