1967 3314
430 135 525 176 464
790 140 1560 216 ANIMADVERSIONES

469 259 624 294 Afranius
638 263 671 295 in
692 267 937 310 Compitalibus:

639 343 684 375 Ut
699 347 846 390 quicquid
862 351 1006 394 loquitur,
1023 358 1067 388 sal
1083 369 1207 394 merum
1220 371 1274 396 est.

623 778 707 811 Nam
723 784 838 816 mulier
852 790 994 828 prohibet
1009 803 1042 824 se
1056 798 1230 838 concipere,
1246 807 1339 845 atque
1354 817 1517 851 repugnat.

447 859 570 893 Auctor
585 866 709 897 obsceni
725 871 884 912 carminis,
897 875 922 905 si
938 880 1069 912 memini
1083 885 1169 925 satis,
1183 887 1260 920 olim
1276 892 1449 936 scripserat,

617 951 766 986 Crissabit
780 957 836 989 tibi
851 959 1023 997 fluctuante
1038 967 1155 1002 lumbo.

436 1128 599 1162 Arnobius
622 1133 745 1168 videtur
766 1138 888 1182 legisse,
917 1148 1080 1182 Crissabic:
1106 1151 1116 1182 l

390 1178 574 1216 lumborum
599 1188 802 1230 crispitudine
827 1197 1000 1234 fluctuaret.

390 1235 524 1278 Syr-isca,

1119 1153 1160 1185 ib.
1177 1154 1225 1187 ΙΙ.
1250 1158 1405 1194 Clunibus
1428 1171 1462 1197 et
1487 1171 1707 1206 coxendicibus
1727 1178 1892 1214 sublevatis

1043 1205 1113 1238 Lib.
1141 1209 1224 1242 VII.
1250 1213 1395 1250 clunibus
1418 1219 1570 1257 fluctuare
1596 1228 1744 1271 crispatis.

599 1341 813 1355 ᾑ-
827 1340 921 1372 caput
938 1337 1036 1369 Graia
1049 1342 1195 1376 redimita
1212 1348 1337 1384 Mitella

600 1383 748 1424 Crispum
763 1390 821 1420 sub
835 1393 951 1425 crotalo
966 1395 1056 1429 docta
1070 1409 1196 1434 movere
1211 1404 1300 1439 latus.

423 1463 468 1495 Et
485 1464 590 1507 Priap.

591 1557 724 1591 Deliciae
739 1565 846 1603 populi
862 1577 981 1610 magno
995 1572 1158 1608 notiss1ma
1173 1579 1254 1612 circo

590 1617 774 1654 Quinetiam
790 1624 922 1659 vibratas
935 1629 1027 1662 docta
1041 1643 1166 1668 movere
1180 1646 1276 1673 nates.

415 1693 435 1725 i.
450 1705 476 1727 e.
499 1697 653 1739 crispatas.

510 1887 598 1919 1266
622 1905 764 1918 ——-
779 1898 885 1940 atque
902 1895 990 1933 locis
1006 1903 1132 1939 avertit
1149 1907 1289 1945 seminis
1304 1909 1413 1948 ictum

357 2082 426 2108 tum
452 2091 594 2115 vomerem
602 2099 614 2120 ,·
639 2092 671 2117 et
694 2088 780 2127 aiibi,
806 2095 966 2127 muliebria

356 2140 509 2167 sexcenta.

392 2288 476 2321 Vide
491 2291 693 2335 Pruriginem
711 2299 827 2333 critici.
875 2306 958 2342 Quid
975 2319 1049 2351 ergo
1066 2312 1118 2343 fiet
1132 2325 1159 2346 v.
1181 2319 1269 2349 1258.
1284 2319 1323 2351 de
1338 2325 1478 2358 semInc?

704 2382 760 2406 aut
774 2387 838 2408 non
854 2386 919 2411 tam
934 2385 1056 2423 prolixo
1070 2391 1211 2427 provolat
1227 2394 1300 2426 ictu.

386 2453 441 2482 An
458 2453 508 2484 hic
533 2456 629 2488 homo
653 2458 778 2500 ineptus
804 2475 899 2498 suum
913 2469 1009 2509 jactu
1024 2475 1210 2511 substituet?
1234 2480 1357 2514 Pariter
1373 2485 1510 2529 Plinius,
1535 2493 1635 2525 Ictum
1650 2498 1765 2538 salivae,
1788 2500 1844 2534 vlib.

341 2504 426 2538 VII.
444 2518 468 2538 c.
486 2513 514 2540 2.
539 2514 561 2529 “
577 2512 698 2545 Ferunt
712 2526 880 2560 serpentes,
904 2525 998 2557 ictum
1013 2531 1130 2570 salivoe,

1151 2539 1300 2576 tanquam
1324 2549 1413 2581 aquae
1428 2543 1576 2578 ferventis
1596 2557 1775 2585 contactum
1790 2555 1838 2586 fu-

336 2561 443 2599 gcrc.''
486 2563 510 2595 J
512 2567 651 2598 uvenalis
669 2569 729 2602 VI.
747 2575 816 2605 126.
831 2575 872 2606 de
888 2578 1069 2614 Messalina.

548 2653 591 2684 Et
606 2657 752 2698 resupina
762 2660 872 2701 jacens
887 2667 1064 2703 multorum
1079 2674 1239 2709 absorbuit
1254 2678 1342 2714 ictus.

1446 2757 1618 2793 Bentleius.
