1967 3314
147 634 183 664 V.

135 769 192 797 604

135 867 192 896 606

135 1066 192 1097 607

135 1165 192 1193 608

134 1214 191 1245 609

131 1364 190 1392 610

130 1462 185 1491 611

130 1513 188 1541 612

132 1611 189 1640 613

131 1710 190 1739 614

131 1760 189 1788 615

132 1810 189 1838 616

129 1960 186 1991 617

128 2009 186 2041 619

126 2158 185 2188 620

127 2305 183 2334 621

127 2355 185 2383 622

127 2404 185 2433 623

128 2553 185 2581 625

129 2601 186 2631 626

129 2798 186 2827 628

128 2897 186 2929 629

288 586 417 616 Brixice.

257 462 460 484 FERRANDUS.

571 248 788 299 LIBRI
838 247 1151 305 QUARTI.

507 430 628 451 nAULUS
641 431 776 452 FRIDEN-
796 431 991 451 THEODORUS
1005 431 1046 450 DE

1152 446 1269 480 ALDUSJ

571 485 708 506 PERGER.
805 485 1039 505 RAGAZONIBUS.

250 678 325 708 Sine
337 680 440 709 Anno.

240 767 396 797 simulacra

240 816 393 846 remittant

241 866 328 896 vitrei

240 916 354 955 species

241 976 300 1005 qua
337 1000 340 1006 .

241 1015 370 1045 travolat

241 1065 335 1105 partis

241 1119 363 1144 cunctas

240 1176 307 1195 nam

242 1215 383 1244 Dissiluit

238 1264 329 1293 semel

238 1313 346 1342 multas

237 1363 355 1392 scintila

236 1410 314 1451 ignis

236 1462 340 1492 abdtta

236 1521 304 1550 quae

236 1561 355 1591 fuerunt

236 1611 394 1641 simulacra

237 1661 274 1690 de
286 1661 375 1690 rectis

237 1721 295 1750 qua
312 1714 432 1751 propter

240 1760 323 1800 Saepe

237 1810 304 1838 haec

237 1858 339 1889 clausa

235 1907 316 1937 deest

235 1957 314 1986 auris

237 2007 305 2036 Hoc

233 2057 285 2096 qui

232 2115 334 2136 sucum

232 2165 265 2186 se

231 2206 298 2247 plus

232 2268 378 2298 opereque

232 2317 334 2336 sucum

234 2366 312 2395 aqua

234 2415 365 2444 premere

234 2465 269 2484 ac
282 2455 375 2484 sicare

235 2504 324 2544 coepit

234 2565 300 2584 rare

237 2603 305 2632 Hac

234 2653 312 2682 levia

234 2707 387 2732 manantes

233 2751 297 2781 suci

237 2799 379 2830 Humidai

233 2848 344 2889 linguae

233 2903 369 2940 pungunt

579 589 705 618 Veronae,
1137 581 1275 612 Venetiis.

599 675 683 702 1486.
1165 676 1251 701 1500.

522 761 700 792 simulachra
805 765 982 795 simulachra
1086 761 1243 792 simulacra

522 813 676 843 remittant
804 816 959 846 remittant
1087 810 1240 840 remittant

522 862 609 891 vitrei
805 865 891 894 vitrei
1088 860 1157 890 Vitri

523 911 634 951 speties
805 915 915 954 speties
1087 910 1200 949 species

523 971 582 999 qua
805 974 863 1003 qua
1088 971 1152 999 quae

523 1011 652 1040 tranolat
804 1012 934 1043 tranolat
1087 1010 1197 1040 traviat

524 1060 618 1099 partis
804 1063 898 1102 partis
1087 1062 1198 1100 parteis

523 1110 637 1140 cunctis
805 1113 918 1143 cunctis
1088 1116 1209 1142 cunctas

523 1170 590 1188 nam
805 1172 872 1191 nam
1082 1161 1146 1200 jam

524 1208 671 1239 Dissolvit
806 1211 955 1242 Dissoluit
1089 1211 1230 1241 Dissiluit

525 1269 559 1287 se
572 1258 629 1288 mel
804 1271 836 1290 se
848 1261 905 1290 mel
1087 1263 1178 1292 semel

522 1308 623 1338 multis
803 1311 903 1341 multis
1087 1312 1186 1341 multis

521 1358 649 1387 scintilla
802 1359 932 1390 scintilla
1087 1360 1216 1390 scintilla

520 1407 598 1447 ignis
802 1409 880 1450 ignis
1085 1409 1181 1450 igneis

520 1457 621 1487 abdita
801 1459 902 1488 abdita
1085 1460 1186 1489 abdita

519 1518 577 1547 que
801 1520 866 1548 quae
1085 1519 1150 1548 quae

518 1557 637 1588 fuerunt
801 1559 920 1589 fuerunt
1086 1557 1197 1587 suerint

520 1607 698 1639 simulachra
802 1608 981 1638 simulachra
1086 1607 1244 1637 simulacra

520 1657 639 1687 directis
802 1658 923 1688 directis
1085 1656 1205 1686 directis

520 1716 578 1746 qua
592 1710 711 1747 propter
803 1718 861 1746 qua
874 1712 994 1748 propter
1085 1711 1264 1747 quapropter

524 1756 607 1796 Saepe
805 1756 889 1796 Saepe
1088 1758 1126 1787 Se

520 1806 575 1834 hee
803 1806 866 1835 haee
1086 1808 1147 1836 haec

519 1856 621 1885 clausa
802 1855 903 1886 clausa
1085 1857 1215 1887 claustra

519 1904 601 1934 deest
802 1904 883 1934 deest
1086 1907 1198 1937 viarum

517 1955 597 1984 auris
801 1954 881 1984 auris
1085 1957 1182 1986 aureis

520 2005 588 2034 Hoc
803 2005 872 2033 Hoc
1087 2007 1162 2036 Haec

517 2054 569 2093 qui
800 2053 851 2093 qui
1083 2056 1149 2095 quis

516 2114 618 2134 sucum
799 2114 901 2134 sucum
1083 2116 1202 2135 succum

515 2153 596 2183 deest
799 2154 881 2183 deest
1082 2165 1114 2184 se

513 2202 580 2243 plus
799 2204 865 2244 plus
1082 2204 1148 2243 plus

515 2263 662 2293 opereque
797 2265 944 2294 opereque
1082 2264 1238 2293 operaeque

515 2313 617 2333 sucum
797 2315 899 2334 sucum
1082 2314 1201 2333 succum

516 2353 606 2391 aquai
798 2354 887 2393 aquai
1082 2354 1170 2392 aquai

516 2411 615 2440 preme
798 2414 896 2442 preme
1082 2413 1221 2443 praemere

517 2461 552 2479 ac
568 2450 680 2480 siccare
798 2462 833 2480 ac
847 2452 962 2481 siccare
1080 2453 1289 2491 exsiccareque

517 2499 604 2538 caepit
797 2502 886 2541 caepit
1082 2501 1171 2540 coepit

518 2558 591 2577 rarae
798 2562 873 2581 rarae
1083 2561 1156 2579 rarae

521 2597 588 2626 Hec
803 2602 878 2631 Haec
1084 2601 1159 2630 Haec

518 2646 595 2676 levia
798 2650 876 2680 lev-ia
1082 2650 1158 2679 levia

518 2701 672 2726 manantes
799 2704 953 2731 manantes
1082 2705 1236 2731 manantes

517 2746 581 2776 suci
800 2750 863 2779 suci
1082 2751 1162 2780 succi

520 2797 662 2826 Humidai
803 2799 945 2829 Humidai
1085 2800 1215 2829 Humida

516 2846 615 2887 lingue
799 2849 900 2888 ling-ue
1082 2850 1195 2890 linguai*

517 2897 643 2939 ping'unt
799 2898 925 2939 pingunt
1082 2899 1209 2940 pingunt

1537 254 1630 300 287

1384 405 1424 424 Ex
1434 405 1597 428 TYPOGRA-

1353 458 1432 479 PHIA
1447 458 1626 483 SOCIETATIS

1394 512 1590 533 BIPoNTmAE.

1423 580 1557 622 Bipontz'.

1451 674 1464 699 1
1470 674 1536 704 782.

1370 757 1526 788 simulacra

1370 812 1509 838 renutant

1370 857 1440 887 vitri

1370 907 1485 947 species

1371 967 1439 996 quae

1371 1007 1500 1037 travolat

1370 1057 1482 1095 parteis

1371 1109 1492 1135 cunctas

1371 1160 1430 1184 una

1373 1205 1515 1235 Dissiluit

1371 1255 1462 1284 semel

1372 1303 1479 1333 multas

1370 1353 1501 1383 scintilla

1370 1404 1466 1445 igneis

1370 1453 1472 1484 abdita

1370 1514 1438 1544 quae

1368 1554 1478 1584 fuerint

1370 1604 1526 1635 simulacra

1369 1655 1489 1685 directis

1369 1709 1547 1745 quapropter

1371 1755 1409 1784 Se

1369 1807 1435 1835 haec

1368 1856 1469 1885 clausa

1369 1905 1480 1934 viarum

1367 1955 1464 1984 aureis

1370 2004 1444 2033 Haec

1367 2055 1450 2093 queis

1366 2113 1485 2132 succum

1367 2162 1399 2181 se

1367 2203 1491 2243 plusque

1365 2253 1467 2292 opera'i

1365 2313 1484 2332 succum

1366 2354 1454 2392 aquai

1366 2412 1498 2442 premere

1365 2452 1575 2491 exsiccareque

1365 2502 1455 2542 coepit

1365 2562 1442 2582 rarae

1369 2603 1443 2632 Haec

1364 2651 1449 2682 laevia

1364 2702 1512 2732 manantis

1363 2753 1444 2782 succi

1366 2803 1499 2833 Humida

1364 2852 1479 2893 lingua'l'

1365 2907 1501 2943 pungunt
