1967 3314
207 461 409 484 rann-Annus.

219 675 293 705 Sine
305 677 403 708 Anno.

579 245 796 296 LIBRI
844 245 1093 293 PRIMI.

458 429 579 450 PAULUS
593 429 729 450 FRIDEN-
758 429 951 450 THEODORUS
966 429 1007 449 DE

527 483 662 504 PERGER..

532 589 662 620 Veronae.

558 679 640 707 1486.

762 483 999 504 imeazomrms.
1106 460 1219 481 Amos·

1506 257 1597 298 165

1337 405 1378 425 EX
1390 406 1554 428 TYPOGRA·

1319 459 1395 478 PnlA
1412 459 1592 482 socuz'rA'ns

174 735 1593 747 -———-——-———-———————-

193 769 341 796 contemta

195 815 259 844 caeli

195 865 290 895 omnis

196 919 349 955 perempta

196 964 326 995 resolvat

197 1125 252 1153 pro
264 1114 376 1144 meritis

197 1163 281 1193 faedae

198 1212 366 1253 Relligione

197 1263 262 1293 caeli

197 1312 368 1353 regionibus

197 1373 309 1402 gnarus

199 1411 332 1441 mortalis

199 1461 302 1491 tollere

200 1511 346 1541 obsistere

200 1572 295 1601 neque

200 1610 306 1640 caelum

201 1659 306 1690 Irritat
318 1661 456 1691 virtutem

200 1709 316 1750 cupiret

139 1768 152 1774 ¹
200 1770 314 1789 Omnem

201 1809 307 1848 cuique

200 1859 352 1893 Quantum

201 1910 308 1940 herens

200 1963 332 1998 exequat

204 2010 276 2039 caelo

200 2061 274 2090 inire

200 2109 356 2150 indugredi

204 2160 292 2195 Quod

201 2208 254 2239 illa

142 2267 155 2275 ⁷
202 2259 320 2288 Triviai*

204 2309 242 2339 ad

206 2357 402 2397 Iphianesseo

203 2406 270 2436 fede

205 2457 261 2486 Cui

197 2506 206 2536 i
213 2505 295 2536 nfula

204 2560 339 2596 comptus

206 2607 254 2636 Ex
267 2611 393 2646 utraque

204 2656 325 2697 profusa
337 2661 385 2687 est

479 772 595 797 contem
598 779 636 808 pa

480 816 544 845 caeli

480 865 574 895 omnis

481 920 636 956 perempta

482 965 605 995 resolvit

482 1015 549 1049 Que

484 1064 557 1104 Ipsa

483 1123 536 1152 pro
550 1114 662 1144 meritis

483 1162 560 1191 foede

485 1213 652 1252 Relligione

484 1262 551 1291 caeli

484 1311 686 1352 relligionibus

484 1372 595 1401 gnarus

486 1411 619 1440 mortalis

486 1461 593 1490 collere

487 1512 632 1542 absistere

487 1572 582 1601 neque

487 1611 590 1641 caelum

489 1661 598 1691 Inritat
606 1662 743 1692 virtutem

488 1716 610 1751 cuperet

489 1772 603 1791 omnem

488 1811 594 1850 cuique

489 1861 641 1894 Quantum

490 1911 608 1941 haerous

485 1965 625 1999 exaequat

489 2010 573 2040 Caelo

489 2059 518 2088 in
534 2059 576 2088 ire

489 2109 647 2149 indugredi

489 2159 576 2193 Quod

490 2207 542 2238 illa

486 2259 587 2289 ,triviae

490 2308 529 2338 ad

492 2357 701 2397 I-phianessaio

492 2562 627 2598 comptus

494 2606 668 2645 Exutraque

492 2655 613 2696 profusa
625 2660 672 2685 est

491 2809 557 2834 asta
562 2815 593 2834 re

491 2855 626 2885 lacrimas

491 2905 571 2936 cives

1358 512 1552 534 mrum-mre.

814 585 953 615 venetiis.
1387 582 1525 623 Biponti.

843 678 930 706 1495·
1126 680 1139 704 1
1145 680 1211 706 500.
1418 679 1431 704 l
1437 679 1503 708 782.

765 766 920 803 contempa
1051 770 1209 796 comtemta
1338 770 1488 796 contemta

767 811 830 841 caeli
1051 814 1118 844 caeli
1340 812 1415 841 Coeli

766 861 860 891 omnis
1054 865 1165 895 omneis
1340 862 1453 893 omneis

767 915 919 952 perempta
1055 919 1206 953 perempta
1340 917 1473 951 peremta

767 961 892 991 resolvit
1055 962 1178 993 resolvit
1341 963 1471 994 resolvat

769 1012 843 1045 Quae
1056 1012 1133 1046 Quae
1342 1012 1419 1045 Quae

771 1061 843 1100 Ipsa
1059 1062 1130 1101 Ipsa
1345 1062 1417 1102 Ipsa

771 1122 825 1151 pro
838 1111 951 1141 meritis
1056 1123 1109 1152 pro
1122 1113 1235 1143 meritis
1343 1111 1510 1150 promeritis

770 1159 847 1188 foede
1056 1160 1133 1190 foede
1343 1160 1420 1190 foede

770 1208 912 1247 religione
1058 1209 1227 1251 Relligione
1347 1209 1514 1250 Relligione

772 1259 840 1288 caeli
1058 1259 1122 1289 caeli
1345 1259 1412 1288 coeli

772 1307 975 1348 relligionibus
1060 1310 1227 1349 regionibus
1346 1308 1515 1348 regionibus

771 1368 883 1398 gnarus
1058 1370 1169 1400 gnarus
1347 1359 1456 1399 Grajus

773 1407 905 1436 mortalis
1060 1408 1210 1439 mortaleis
1347 1407 1497 1438 mox—taleis

772 1456 881 1485 collere
1061 1460 1166 1490 tollere
1348 1456 1451 1487 tollere

774 1505 920 1536 absistere
1059 1509 1207 1540 absistere
1350 1507 1495 1536 obsistere

773 1566 868 1595 neque
1062 1571 1158 1599 neque
1350 1568 1404 1587 nec

774 1606 880 1636 caelum
1062 1609 1165 1639 caelum
1351 1608 1464 1638 Coelum

776 1655 885 1685 Inritat
894 1655 1031 1685 Virtutem
1062 1659 1168 1689 inritat
1181 1658 1319 1688 virtutem
1345 1658 1499 1688 Virtutem
1509 1657 1606 1688 irritat

776 1709 898 1743 cuperet
1063 1708 1178 1748 cupiret
1352 1708 1467 1748 cupiret

775 1765 890 1784 omnem
1063 1768 1148 1787 omne
1353 1769 1438 1788 omne

776 1804 881 1843 cuique
1064 1808 1170 1847 cuique
1354 1809 1480 1848 quoique

777 1853 929 1887 Quantum
1065 1862 1208 1897 quantum
1353 1860 1488 1894 Quanam

777 1903 894 1932 haerous
1068 1907 1183 1935 haerens
1354 1910 1472 1938 haerens

776 1957 906 1992 exequat
1067 1959 1207 1995 exaequat
1354 1962 1491 1997 exaequat

777 2002 849 2031 caelo
1066 2006 1140 2035 coelo
1353 2007 1428 2037 coelo

778 2052 808 2081 in
823 2051 865 2082 ire
1066 2056 1139 2086 inire
1354 2056 1428 2086 inire

777 2101 934 2142 indugredi
1065 2104 1221 2147 indugredi
1351 2106 1514 2147 endogredi

779 2152 867 2186 Quod
1066 2157 1146 2192 Quin
1351 2156 1439 2192 Quod

778 2203 830 2232 illa
1064 2206 1118 2236 illa
1353 2206 1422 2236 olim

779 2252 896 2282 Triviai
1066 2256 1183 2286 Trivrai
1354 2255 1473 2286 Trivia'i

778 2303 815 2332 ad
1065 2305 1146 2335 deest
1354 2306 1435 2336 deest

781 2353 987 2395 Iphianessaio
1068 2356 1259 2395 Iphianassai
1355 2356 1547 2396 Iphianassai

779 2405 856 2435 foede
1065 2404 1142 2434 foede
1354 2405 1431 2436 soede

779 2455 839 2489 Qui
1066 2453 1143 2487 Quae
1356 2455 1412 2485 Cui

780 2505 809 2533 in
821 2504 885 2534 fula
1067 2502 1160 2533 infula
1354 2505 1449 2535 infula

780 2558 915 2593 comptus
1070 2557 1204 2592 comptus
1355 2558 1468 2584 comtus

782 2604 955 2643 Exutraque
1068 2602 1115 2631 Ex
1128 2607 1252 2642 utraque
1357 2604 1406 2632 Ex
1420 2609 1544 2644 utraque

780 2654 900 2695 profusa
913 2660 960 2686 est
1067 2651 1217 2693 profusast
1355 2654 1516 2694 profusa'st

782 2705 824 2735 Ut
1068 2703 1110 2732 Et
1357 2703 1399 2733 Et

782 2760 917 2785 moestum
1067 2757 1203 2782 moestum
1355 2757 1490 2783 moestum

781 2810 880 2835 astare
1067 2808 1167 2834 astare
1353 2803 1474 2833 adstare

780 2854 938 2884 lachrimas
1068 2855 1212 2894 lacrymas
1354 2853 1492 2884 lacrimas

781 2903 861 2933 cives
1069 2904 1148 2935 cives
1355 2903 1446 2935 civeis
