1967 3314
560 239 778 288 LIBRI
826 237 1147 296 QUARTI.
1515 251 1611 293 295

477 419 601 439 mutus
615 421 750 441 rmum<-
776 421 968 442 'rrnzononus
984 423 1024 442 m:
1325 388 1330 454 Ι
1360 400 1402 419 Ex
1412 401 1575 424 'rrroeaA-

230 451 404 474 FERRANDU
408 451 430 471 S.
1133 453 1248 474 ALDUS.
1332 454 1372 474 PH
1378 453 1412 473 lA
1428 454 1605 478 SOCIETATIS

544 473 682 495 PERGER.
783 475 1017 495 RAGAzoNIBUs.

1376 507 1568 529 BIPONTINIE.

263 573 392 603 Brin'oe.
554 575 685 606 Veronae.
834 577 973 607 Venetiis.
1119 575 1221 605 Veneti
1223 576 1255 607 ῐε.
1325 557 1330 631 Ι
1402 577 1501 617 Bipon
1505 578 1536 607 ti.

238 663 312 693 Sine
323 664 421 694 Anno.
576 668 657 696 1486.
862 669 945 697 1495.
1145 672 1226 699 1500.
1324 649 1330 728 Ι
1430 670 1511 699 1782.

213 758 396 793 procreatum
409 755 449 785 sit
496 762 680 796 procreatum
782 759 966 794 procreatum

215 809 314 834 creata
327 811 374 835 est
497 812 610 837 cretast
781 807 892 833 cretast

214 855 310 895 longae
497 856 584 897 longe
782 853 870 894 long-e

216 906 367 944 praeoaesit
496 907 641 946 precessit
782 904 927 943 precessit

216 955 308 985 multo
321 966 408 995 quam
497 955 589 985 multo
602 966 689 996 quam
781 953 874 982 multo
887 963 974 991 quam

214 1005 296 1034 fuere
497 1005 580 1034 fuero
780 1003 864 1032 fuero

215 1059 347 1085 crescete
497 1065 629 1084 crescere
782 1062 916 1082 crescere

216 1105 321 1135 vulnus
498 1103 604 1133 vulnus
781 1103 887 1132 vulnus

216 1155 287 1185 dare
497 1152 568 1181 dare
781 1153 851 1182 dare

216 1205 243 1234 le
248 1216 286 1235 va
497 1203 565 1232 leva
782 1202 847 1231 leva

215 1255 364 1293 antiquius
497 1253 637 1292 antiquus
782 1251 921 1290 antiquus

152 1332 162 1338 ι
218 1303 292 1333 Haec
501 1302 568 1331 Heo
785 1301 852 1330 Hec

498 1357 623 1391 possunt
781 1356 906 1390 possunt

498 1402 625 1432 Credere
783 1400 912 1430 Credere

498 1462 555 1491 que
781 1459 849 1488 quae

498 1505 568 1531 sunt
782 1503 852 1529 sunt

1066 762 1202 796 procreat
1217 769 1302 788 usum
1349 759 1485 793 procreat
1497 766 1581 785 usum

1067 812 1198 837 creatast
1350 804 1492 834 creata’st

1066 855 1153 896 longe
1350 853 1439 893 long-e

1067 907 1219 945 praecessit
1349 905 1501 943 praecessit

1067 956 1216 995 multoque
1349 953 1498 993 multoque

1064 1005 1148 1035 fuere
1349 1002 1431 1031 suere

1065 1066 1203 1086 crescere
1350 1063 1482 1082 crescere

1065 1106 1170 1136 vulnus
1351 1102 1453 1132 volnus

1066 1156 1150 1186 daret
1350 1151 1435 1181 daret

1065 1205 1132 1235 leva
1350 1201 1428 1230 laeva

1066 1255 1216 1294 antiquius
1351 1252 1502 1290 antiquius

1071 1305 1149 1333 Haec
1353 1301 1432 1330 Haec

1066 1359 1191 1393 possunt
1351 1354 1473 1389 possent

1068 1402 1188 1432 Credier
1352 1399 1472 1429 Credier

1067 1462 1132 1491 quae
1352 1459 1417 1488 quae

1067 1505 1192 1540 possunt
1351 1503 1421 1528 sunt

1067 1560 1133 1589 quae
1351 1559 1416 1587 quae

1068 1598 1167 1633 Quare
1350 1597 1451 1631 Quare

1067 1649 1146 1682 Quid
1350 1647 1437 1682 Quod

1067 1699 1172 1738 quaerit
1351 1696 1456 1736 quaerit
1499 1723 1505 1728 .

1067 1750 1208 1789 cujusque
1350 1747 1512 1786 quoiusque

1067 1800 1114 1830 his
1350 1796 1387 1825 iis

1067 1850 1138 1888 quia
1351 1856 1415 1885 quae

1070 1898 1229 1937 Multaque
1352 1896 1511 1937 Multaque

1068 1958 1101 1977 os
1351 1956 1384 1975 os

1068 2007 1134 2027 cum
1352 2005 1439 2034 quom

1068 2047 1209 2076 anhelant
1351 2044 1494 2074 anhelant

1069 2096 1259 2135 consequitur
1353 2095 1541 2134 consequitur

1070 2145 1219 2175 Praeterea
1354 2144 1516 2184 Propterea

1069 2197 1149 2227 vires
1353 2194 1441 2223 vireis

1069 2251 1221 2288 patentem
1352 2248 1502 2285 patentem
1532 2265 1533 2268 η

1069 2296 1274 2326 obdivertendi·
1353 2295 1470 2324 obturet
1483 2294 1587 2324 edendi

1070 2357 1137 2386 quae
1353 2356 1419 2384 quae

1071 2406 1137 2435 quae
1354 2405 1420 2432 quae

1070 2446 1222 2475 stomacho
1353 2444 1505 2473 stomacho

1070 2495 1204 2535 praebent
1353 2493 1488 2534 praebent

1071 2544 1198 2583 dissipat
1355 2543 1502 2582 Dissupat

1072 2592 1246 2632 restringuit
1354 2591 1528 2632 restringuit

1068 2644 1171 2683 jejuna
1348 2642 1453 2682 jejuna

1073 2691 1126 2721 fiat
1356 2692 1408 2722 fiat

215 1358 339 1392 possunt

216 1402 336 1432 Credier

216 1462 280 1491 quae

216 1507 286 1532 sunt

216 1563 282 1591 quae

216 1602 316 1636 Quare

153 1656 167 1666 ’“
217 1650 304 1684 Quod

217 1700 322 1740 quaerit

216 1751 358 1790 cujusque

217 1803 248 1828 et

217 1849 287 1887 quia

220 1898 378 1937 Multaque

217 1958 251 1978 os

217 2008 282 2027 cum

216 2046 356 2076 hanelant

217 2095 407 2134 consequitur

217 2145 379 2186 Propterea

217 2196 295 2226 vires

218 2250 366 2286 patentem

218 2294 343 2324 obduret
355 2293 460 2324 edendi

219 2352 288 2381 quae

220 2402 289 2431 quae

221 2448 352 2473 stomaco

222 2492 345 2532 prebent

223 2541 361 2581 Dissipat

222 2589 396 2631 restriuguit

501 1748 641 1786 cujusque
784 1750 936 1789 cujusquae

501 1797 581 1826 deest
784 1797 864 1827 deest

500 1848 570 1886 quia
784 1849 854 1887 quia

502 1896 659 1937 Multaque
785 1897 886 1928 Multa
900 1908 965 1937 quae

500 1957 550 1977 eos
783 1958 834 1977 eos

499 2007 568 2036 qum
783 2008 852 2037 qum

498 2046 639 2077 anhelant
783 2047 924 2076 anhelant

499 2096 633 2135 sequitur
782 2097 916 2135 sequitur

501 2145 664 2185 Propterea.
784 2146 946 2186 Propterea

500 2196 578 2226 vires
784 2195 863 2225 vires

500 2250 650 2285 parentem
784 2249 936 2285 parentem

500 2296 538 2324 ob
550 2295 715 2325 divertendi
785 2296 822 2325 ob
837 2295 1002 2326 divertendi

502 2355 559 2383 que
785 2356 844 2384 que

503 2404 560 2433 que
787 2408 845 2437 que

503 2443 656 2472 stomacho
787 2446 940 2476 stomacho

503 2492 626 2531 prebent
788 2495 912 2535 prebent

506 2541 644 2580 Dissipat
789 2544 928 2584 Dissipat

504 2591 666 2632 restringat
788 2593 934 2633 restingat

492 2670 495 2673 ,
500 2641 614 2680 jejunia
783 2643 898 2684 jejunia

505 2690 557 2719 flat
789 2693 842 2723 flat

506 2741 602 2780 AEque
793 2741 888 2781 AEque

506 2791 682 2831 protendere
790 2790 964 2831 protendere

505 2841 628 2870 insuerit
790 2839 912 2869 insuerit

506 2890 685 2921 simulachra
791 2888 969 2920 simulachra

216 2643 321 2682 jejuna

222 2692 274 2721 fiat
328 2700 330 2702 ’

223 2742 265 2770 Et
278 2751 344 2780 quae

222 2792 392 2831 protrudere

223 2841 346 2871 insuerit

224 2890 380 2922 simulacra

1076 2742 1117 2771 Et
1130 2751 1198 2781 quae
1357 2741 1398 2770 Et
1411 2751 1476 2780 quae

1073 2791 1247 2831 protendere
1355 2789 1526 2830 protrudere

1072 2839 1198 2870 insuerit
1356 2840 1479 2870 insuerit

1074 2888 1231 2921 simulacra
1356 2890 1512 2921 simulacra
