1967 3314
149 1310 205 1335 114

148 1409 203 1435 115

149 1612 204 1642 117

148 1662 203 1688 118

149 1762 204 1791 119

149 1860 201 1886 121

147 2010 203 2036 123

146 2213 202 2239 124

146 2311 201 2337 125

145 2408 200 2437 126

147 2511 201 2541 127

145 2611 201 2638 128

145 2662 201 2691 129

144 2862 198 2890 131

269 456 472 478 FBRRANDUS.

315 583 444 614 Brixiae.

266 672 340 702 Sine
353 674 382 702 A
387 683 454 702 nno.

254 763 327 793 ortis

255 814 356 843 flectat

255 863 432 902 persuadeat

257 912 413 941 Succidere

249 1358 368 1388 sollatia

251 1407 408 1448 Religione

252 1655 457 1697 Praetereaque

250 1716 319 1745 pars

250 1755 339 1786 imani

249 1807 343 1837 omnis

252 1856 479 1899 Preclarumque

251 1908 313 1937 caeli

249 1958 427 1998 restringere

249 2106 366 2136 numine

248 2155 362 2186 distent

248 2217 314 2245 quae

248 2262 318 2287 sunt

250 2305 402 2336 Noticiam

247 2355 370 2394 prebere

246 2404 362 2438 Quidve

247 2455 277 2484 in
294 2455 349 2484 tali

247 2509 279 2534 et
293 2505 371 2534 enim

247 2556 351 2595 quovis

247 2605 401 2635 consilium
414 2616 480 2646 quae

247 2655 334 2685 arbor

246 2715 304 2736 non

246 2766 354 2795 equore

246 2805 327 2835 salso

246 2864 342 2894 neque

244 2914 330 2934 cruor

620 243 839 293 LIBRI
875 242 1172 302 QUINTI.
1567 251 1663 290 315

1404 401 1446 421 EX
1457 402 1620 423 TYPOGRA-

519 426 642 446 PAULUS
657 427 794 448 FRIDEN-

591 481 727 500 PERGER.

812 426 898 446 THEO
904 426 1010 446 DORUS
1025 425 1066 445 DE

1175 457 1289 478 ALDUS.
1377 455 1456 475 PlzuA
1471 456 1652 477 socnzTA'rIs

826 479 1065 500 RAGAZONIBUS.

1418 509 1612 531 BIPONTlXAE.

596 585 727 617 Veronoe.
874 582 1013 612 Venetiis.
1082 566 1088 633 Ι
1159 581 1299 614 Venetiz's.

615 677 698 706 1486,
900 675 983 704 1495.
1187 674 1269 701 1500.
1466 676 1552 706 1782.

536 763 609 793 ortis
821 761 895 791 ortis
1107 761 1181 790 ortis
1393 763 1473 794 orbis

537 812 631 843 flectit
822 811 916 842 flectit
1106 810 1210 841 flectat
1392 812 1495 844 flectat

538 863 697 901 persuadet
822 872 889 902 pers
893 863 983 892 uadet
1106 862 1251 901 persuade
1255 867 1287 892 at
1392 865 1573 904 persuadeat

540 912 703 943 Succedere
824 911 986 942 Suecedere
1110 912 1267 942 Succidere
1394 913 1551 944 succidere

539 962 606 995 Qua
677 967 680 968 ⁷
822 961 889 996 Qua
1106 972 1172 1001 quae
1392 962 1461 997 Qua

538 1013 694 1051 adgrediar
821 1011 858 1040 ad
871 1011 992 1051 grediar
1105 1011 1263 1052 adgrediar
1391 1014 1552 1053 aggrediar

538 1061 642 1100 Thyas
821 1060 926 1100 Thyas
1105 1061 1216 1100 Pythia
1393 1061 1505 1102 Pythia

818 1360 938 1390 sollatia
1102 1359 1211 1389 solatia

819 1409 975 1450 Religione
1102 1409 1244 1449 religione

817 1464 848 1489 et
1102 1464 1133 1488 et

817 1509 923 1540 caelum
1102 1509 1205 1538 caelum

817 1559 925 1599 sydera
1101 1558 1200 1587 sidera

817 1620 915 1640 meare
1101 1618 1199 1637 meare

819 1659 983 1700 Propterea
996 1672 1054 1700 quo
1102 1658 1266 1698 Propterea
1278 1669 1344 1698 quae

818 1720 887 1749 pars
1100 1718 1169 1747 pars

817 1762 937 1791 immani
1099 1757 1219 1786 immani

816 1811 910 1840 omnis
1099 1808 1212 1838 omneis

818 1861 1046 1904 Preclarumque
1099 1858 1124 1887 P
1126 1859 1339 1900 raeclarumque

816 1911 883 1941 caeli
1099 1909 1167 1938 caeli

815 1962 994 2003 restringere
1100 1959 1280 1999 restringere

815 2012 889 2046 Quae
1099 2008 1173 2042 Quae

815 2062 895 2092 deest
1098 2057 1179 2088 deest

815 2112 906 2142 animi
1099 2108 1217 2138 numine

815 2161 926 2192 lastent
1097 2158 1211 2189 distent

814 2221 880 2250 quae
1098 2219 1166 2250 quae

814 2262 875 2291 sint
1098 2261 1159 2290 sint

816 2310 966 2341 Notitiam
1099 2309 1248 2340 Notitiam

815 2361 936 2400 prebere
1097 2359 1228 2398 praebere

815 2410 895 2444 Quid
1097 2408 1177 2442 Quid

814 2459 843 2487 in
859 2458 915 2487 tali
1098 2459 1182 2489 vitali

813 2513 844 2538 et
856 2508 935 2538 enim
1097 2514 1128 2538 et
1140 2510 1218 2539 enim

813 2569 872 2597 quo
886 2559 931 2588 vis
1096 2560 1201 2598 quovis

813 2608 1023 2649 consiliumque
1094 2608 1306 2650 consiliumque

813 2660 918 2689 arbore
1096 2658 1183 2688 arbor

814 2718 872 2738 non
1096 2718 1154 2737 non

813 2767 930 2796 aequore
1096 2769 1213 2797 aequore

813 2807 890 2836 falso
1097 2808 1178 2838 salso

814 2867 908 2897 neque
1097 2868 1192 2897 neque

814 2916 898 2936 cruor
1096 2917 1203 2938 succus

533 1359 653 1389 sollatia

534 1408 691 1448 Religione

1390 1410 1558 1452 Relligione

1388 1460 1469 1490 deest

1387 1510 1493 1540 coelum

1387 1559 1487 1590 sidera

1387 1620 1507 1640 manere

1388 1658 1610 1701 Proptereaque

1386 1719 1442 1748 par

1387 1758 1506 1789 immani

1386 1809 1499 1839 omneis

1387 1857 1624 1900 Praeclarumque

1386 1909 1453 1938 coeli

1385 1959 1570 2000 restinguere

1384 2008 1459 2042 Quae

1385 2058 1422 2087 ab

1384 2109 1502 2140 numine

1383 2161 1497 2192 distant

1382 2210 1426 2239 sic

1382 2266 1453 2290 sunt

1385 2309 1532 2341 Notitiam

1382 2361 1513 2400 praebere

1382 2409 1462 2443 Quid

1381 2458 1466 2488 vitali

1381 2510 1489 2539 etenim

1381 2561 1485 2599 quovis

1379 2610 1590 2652 consiliumque

1380 2661 1466 2690 arbor

1380 2721 1433 2741 nec
1449 2711 1479 2741 in

1379 2770 1496 2800 aequore

1380 2809 1461 2839 salso

1380 2870 1435 2889 nec

1384 2919 1489 2940 succus

535 1656 698 1696 Propterea
710 1669 769 1698 quo

532 1716 602 1745 pars

533 1755 651 1786 immani

531 1807 626 1836 omnis

534 1855 762 1897 Preclarumque

532 1906 596 1935 caeli

531 1957 711 1997 restringere

533 2306 682 2337 Notitiam

530 2357 653 2395 prebere

531 2405 611 2439 Quid

531 2454 561 2483 in
577 2455 632 2484 tali

531 2510 562 2535 et
577 2506 655 2535 enim

531 2566 588 2594 quo
601 2556 647 2585 vis

529 2606 740 2648 consiliumque

530 2655 633 2686 arbore

530 2715 587 2735 non

529 2765 645 2794 aequore

529 2805 605 2836 falso

528 2865 623 2895 neque

529 2914 614 2934 cruor
