1967 3314
241 453 444 475 FERRANDUS.

279 579 410 609 Brixiae.

248 669 322 699 Sine
336 670 436 699 Anno.

230 768 296 797 quae

231 806 351 837 notities

233 857 356 887 Utilitas

231 911 321 946 atque

231 956 302 985 data
314 961 362 987 est

231 1006 322 1035 sciret

231 1055 345 1085 videret

230 1105 323 1144 pluris

231 1155 329 1185 surdis

153 1213 176 1225 ⁹*
231 1205 271 1234 sit
283 1215 357 1245 opus
372 1206 450 1236 facto

230 1254 317 1284 facile
330 1255 357 1285 si
370 1266 465 1295 neque

228 1305 311 1334 auris

231 1354 260 1383 in
274 1354 391 1384 auditos

230 1414 263 1433 os

230 1457 385 1494 tantopere
397 1458 478 1484 esset

231 1503 312 1534 deest

232 1554 348 1594 vigeret

233 1613 299 1633 cum

233 1652 314 1682 secla

234 1701 398 1732 Dissimilis

233 1755 324 1790 atque

234 1811 300 1830 cum

234 1850 312 1880 enim

235 1900 316 1930 deest

235 1950 265 1980 in

237 2001 334 2032 Inrita

235 2061 301 2080 cum
314 2051 441 2090 primum

235 2104 372 2141 premunt

235 2150 378 2180 nudantia

237 2201 340 2231 dentes

237 2250 342 2290 Longe

238 2299 298 2329 alia

238 2348 320 2378 rabie

238 2398 384 2428 distracta

238 2448 368 2478 minatur

238 2502 387 2538 temptant

238 2550 340 2587 Atque

240 2597 354 2627 lactant

239 2647 361 2677 cannitu

240 2708 306 2727 cum

240 2747 367 2777 desertis

241 2807 307 2825 cum

244 2845 394 2876 Plorantis

236 2896 379 2935 juventus

585 240 805 290 LIBRI
853 239 1154 297 QUINTI.

495 422 618 442 PAULUS
630 421 768 442 FRIDEN-
793 423 986 442 THEODORUS
1001 422 1043 441 DE

558 476 694 496 PERGER.

564 581 696 610 Veronae.

594 672 680 700 1486.

514 757 594 788 deest

513 808 610 838 noties

513 857 637 888 Utilitas

513 911 545 936 et

513 957 584 987 data
596 963 644 988 est

514 1006 605 1036 sciret

514 1057 629 1087 videret

515 1107 606 1146 pluris

514 1157 618 1187 sardes

514 1208 554 1238 sit
569 1219 643 1248 opus
658 1209 738 1239 facto

514 1257 602 1287 facile
615 1259 738 1299 sineque

515 1307 595 1336 auris

514 1356 663 1387 inauditos

515 1407 572 1436 hac

517 1460 703 1496 tantoperest

515 1505 598 1535 deest

516 1554 634 1594 vigetur

517 1614 586 1642 qum

517 1653 598 1683 secla

517 1703 681 1734 Dissimilis

518 1756 609 1791 atque

518 1812 588 1841 qum

518 1852 596 1882 enim

520 1902 600 1932 deest

519 1952 550 1981 in

520 2002 650 2033 Inritata

519 2062 586 2081 cum
599 2052 725 2092 primum

520 2106 658 2140 premunt

520 2151 664 2181 nudantia

520 2200 624 2231 dentes

522 2251 629 2292 Longa

521 2300 582 2331 alia

520 2351 602 2380 rabie

522 2401 627 2430 stricta

522 2449 652 2478 minatur

522 2502 671 2537 temptant

524 2548 569 2576 At

523 2595 638 2626 lactant

524 2646 646 2676 cannitu

525 2706 594 2734 qum

525 2745 562 2774 de
575 2746 650 2776 serti

527 2807 594 2835 qum

529 2846 680 2877 Plorantis

521 2897 667 2937 juventus

801 476 1036 497 RAGAZONIBUS.

850 577 988 609 Venetiis.

801 958 873 987 data
886 962 934 988 est

802 1007 893 1037 sciret

801 1056 916 1087 videret

801 1106 896 1146 pluris

801 1157 906 1187 surdes

802 1207 842 1236 sit
856 1217 930 1247 opus
944 1207 1024 1237 facto

786 1264 792 1268 “
801 1257 889 1287 facile
903 1257 1026 1297 sineque

802 1307 882 1336 auris

802 1356 950 1385 inauditos

803 1406 860 1435 hac

802 1459 988 1495 tantoperest

802 1505 884 1535 deest

803 1555 920 1596 vig-etur

805 1617 873 1645 qum

805 1655 886 1686 secla

806 1706 970 1736 Dissimilis

805 1761 895 1796 atque

807 1817 876 1846 qum

807 1857 885 1887 enim

807 1907 887 1937 deest

807 1957 837 1987 in

807 2007 821 2036 I
826 2007 938 2037 nritata

807 2067 873 2086 cum
888 2057 1013 2097 primum

808 2111 946 2147 premunt

808 2156 972 2186 nundantia

809 2205 914 2235 dentes

811 2254 918 2295 Longa

810 2305 870 2334 alia

809 2355 890 2384 rabie

810 2404 916 2433 stricta

812 2453 941 2482 minatur

810 2506 960 2542 temptant

813 2554 857 2581 At

813 2602 926 2631 lactant

813 2651 934 2681 cannitu

812 2711 878 2729 cum

813 2750 850 2778 de
862 2750 936 2779 serti

814 2809 883 2838 qum

816 2848 965 2879 Plorantis

808 2897 952 2938 juventus

1136 579 1163 607 V
1160 587 1174 606 e
1178 577 1238 606 neti
1239 577 1275 606 is.

1163 674 1177 699 1
1182 674 1249 699 500.

1087 756 1169 787 deest

1088 808 1210 837 notities

1092 857 1240 888 Utilitatis

1090 907 1181 936 etiam

1090 957 1192 986 datast

1092 1006 1204 1036 scirent

1093 1057 1228 1089 viderent.

1093 1105 1203 1145 plureis

1093 1155 1192 1185 surdis

1094 1206 1136 1235 sit
1148 1215 1222 1245 opus
1239 1205 1319 1234 facto

1093 1255 1196 1286 faciles
1212 1266 1305 1295 neque

1092 1306 1190 1335 aureis

1093 1354 1243 1384 inauditos

1093 1406 1150 1434 hac

1091 1460 1276 1495 tantoperest

1094 1516 1126 1534 re

1092 1555 1213 1595 vigetur

1092 1615 1159 1634 cum

1092 1655 1173 1684 secla

1094 1703 1279 1734 Dissimileis

1097 1758 1150 1784 aut

1094 1816 1160 1835 cum

1094 1855 1203 1885 etenim

1095 1905 1176 1934 deest

1095 1955 1126 1985 in

1097 2006 1226 2036 Inritata

1096 2056 1292 2097 cumprimum

1096 2107 1226 2137 fremunt

1098 2156 1244 2186 nudantia

1097 2206 1213 2236 denteis

1101 2255 1206 2296 Longe

1098 2306 1158 2335 alio

1098 2355 1196 2385 rabies

1098 2405 1237 2436 districta

1098 2455 1228 2484 minatur

1098 2509 1218 2549 tentant

1100 2556 1164 2583 Aut

1101 2604 1214 2634 lactant

1099 2653 1225 2693 gannitu

1101 2713 1166 2731 cum

1099 2752 1210 2782 deserti

1100 2812 1167 2831 cum

1102 2850 1258 2882 Plorantes

1097 2901 1245 2940 juvencus

1536 248 1635 291 343

1382 400 1424 420 EX
1433 401 1599 424 TYPOGRA-

1354 453 1433 473 PHlA
1450 454 1630 477 soen-:TAsz

1397 507 1593 529 mroN'rmAE.

1431 578 1568 619 Biponti.

1449 672 1532 701 1782.

1373 755 1455 785 deest

1375 805 1495 835 notities

1376 855 1524 886 Utilitatis

1376 910 1408 935 et

1378 955 1492 986 data'st

1376 1005 1491 1036 scirent

1378 1054 1513 1085 viderent

1377 1104 1488 1144 plureis

1377 1154 1476 1184 surdis

1377 1203 1458 1234 facto
1470 1208 1552 1234 esset
1564 1214 1638 1244 opus

1378 1254 1482 1284 faciles
1496 1264 1592 1293 neque

1377 1304 1477 1333 aureis

1378 1352 1527 1382 inauditos

1380 1403 1437 1432 hac

1379 1457 1535 1493 tantopere
1548 1456 1596 1483 est

1381 1513 1413 1532 re

1385 1553 1502 1592 vigeret

1384 1612 1450 1631 cum

1384 1651 1477 1681 saecla

1386 1701 1568 1732 Dissimileis

1378 1758 1437 1782 aut

1386 1813 1452 1832 cum

1382 1853 1492 1883 etenim

1383 1903 1414 1932 id

1382 1963 1399 1982 e

1383 2003 1511 2034 Inritata

1385 2064 1451 2083 cum
1464 2054 1589 2094 primum

1383 2104 1514 2135 fremunt

1383 2154 1528 2184 nudantia

1385 2204 1502 2234 denteis

1384 2255 1489 2295 Longe

1384 2305 1443 2334 alio

1384 2355 1466 2384 rabie

1383 2404 1528 2434 distracta

1384 2454 1533 2484 minantur

1384 2507 1503 2533 tentant

1385 2556 1450 2583 Aut

1379 2605 1499 2644 jactant

1385 2654 1510 2695 gannitu

1386 2715 1451 2733 cum

1386 2754 1497 2784 deserti

1387 2813 1453 2832 cum

1390 2852 1546 2884 Plorantes

1382 2903 1529 2943 juvencus
