1967 3314
526 269 739 322 LIBRI
780 270 1135 321 SECUNDI.
1489 286 1577 327 221

1339 433 1358 452 E
1362 433 1381 453 X
1391 433 1491 455 TYPOG
1495 437 1554 458 RA-

1311 486 1389 507 nnn
1405 488 1584 512 soen-:rans

454 452 584 475 *PAULUS
598 455 733 476 mumm-
757 454 947 476 Tuzononus
962 456 1002 475 DE

216 482 416 507 FERRANDUS.

528 509 665 530 rancun.
762 508 995 529 RAGAZONIBUS.

1351 542 1545 564 mronrmae.

250 609 380 639 Bn'xiae.
451 593 457 671 1
532 612 661 644 Veronae,
810 610 946 640 venetiis.
1378 613 1512 654 Biponti.

100 660 141 689 v,
177 672 728 682 ——----——.—

213 698 286 728 Sine
299 699 399 728 Anno.
556 705 636 732 1486.
838 703 919 731 1495.
1407 706 1488 736 1782.

91 800 148 829 918
194 800 230 819 eo
243 790 323 820 coitu
475 804 510 822 eo
523 797 589 823 retu
759 799 794 817 ‘³⁰
806 793 873 818 ortu
1326 794 1404 819 coetu

90 850 148 880 919
196 841 250 871 Nil
477 842 562 872 Nihil
760 837 846 868 Nihil
1044 838 1099 868 Nil
1326 838 1381 868 Nil

193 892 305 923 faciant
475 892 585 922 facient
757 888 869 919 facient
1040 888 1150 919 facient
1324 888 1437 921 facient

193 945 292 980 preter
475 946 574 982 preter
757 942 857 978 preter
1042 944 1152 978 praeter
1324 944 1432 979 praeter

89 999 147 1028 920
192 990 312 1030 fereque
474 991 602 1031 feraeque
759 987 886 1027 seraeque
1042 988 1170 1030 feraeque
1324 989 1451 1030 feraeque

194 1040 242 1070 Sic
260 1041 362 1071 itidem
381 1047 445 1081 quae
475 1040 524 1070 Sic
537 1040 639 1070 itidem
653 1051 709 1080 que
760 1036 807 1066 Sic
832 1037 935 1067 itidem
957 1048 1011 1077 que
1043 1039 1091 1069 Sic
1103 1040 1206 1070 itidem
1226 1051 1293 1081 quae
1322 1038 1402 1070 deest

210 1091 353 1121 sentimus
378 1102 444 1121 sen·
492 1090 634 1120 sentimus
662 1100 727 1120 sen·
776 1086 919 1116 sentimus
945 1097 1011 1117 sen·
1070 1091 1213 1121 sentimus
1227 1102 1293 1122 sen—

203 1141 259 1170 tire
269 1152 389 1172 necesse
398 1146 443 1172 est
485 1139 542 1169 tire
550 1150 673 1170 necesse
681 1146 726 1171 est
769 1136 825 1165 tire
835 1146 956 1167 necesse
965 1142 1011 1167 est
1070 1139 1127 1169 tire
1142 1146 1292 1171 necessest

86 1197 144 1227 922
188 1190 269 1221 deest
469 1190 550 1222 deest
756 1185 837 1216 dee&
1039 1188 1120 1219 deest
1324 1187 1382 1217 Per
1392 1189 1506 1219 veneris
1515 1200 1575 1226 res,

1341 1241 1426 1268 extra
1433 1239 1574 1275 homines,

1341 1292 1485 1324 armenta,
1518 1288 1575 1318 Fe-

1339 1348 1447 1377 rasque

83 1395 140 1424 923
184 1389 344 1421 demittunt
467 1388 628 1419 demittunt
752 1384 911 1415 demittunt
1035 1388 1196 1419 demittunt
1320 1387 1474 1418 dimittunt

81 1445 138 1475 924
184 1439 262 1478 quod
467 1437 537 1476 quid
751 1433 821 1472 quid
1036 1438 1107 1477 quid
1321 1436 1391 1475 quid

80 1494 137 1524 925
185 1489 263 1518 Tum
466 1487 535 1516 dum
750 1483 819 1513 dum
1034 1487 1103 1516 dum
1321 1486 1399 1516 Tum

184 1542 330 1577 praeterea
466 1542 613 1576 praeterea
749 1539 891 1573 praeterea
1034 1541 1209 1576 praetereast
1318 1540 1465 1575 praeterea

79 1591 137 1622 926
184 1586 338 1620 Quatenus
466 1586 635 1620 Quattenus
750 1584 906 1618 Quatenus
1034 1587 1183 1620 Quatinus
1319 1587 1468 1621 Quatinus

183 1637 317 1666 animalis
466 1636 601 1666 animalis
750 1635 886 1664 animalis
1034 1636 1187 1666 animaleis
1317 1637 1469 1667 animaleis

183 1685 293 1716 vortier
467 1686 575 1716 vertier
749 1685 859 1714 vertier
1034 1686 1143 1716 vertier
1318 1686 1428 1716 vertier

78 1741 136 1771 927
182 1736 349 1776 vermisque
466 1736 632 1775 vermisque
750 1735 916 1774 vermisque
1034 1737 1217 1777 vermeisque
1318 1736 1500 1776 vermeisque

77 1791 135 1819 928
183 1785 413 1826 Intempestivus
466 1785 698 1826 Intempestivus
750 1784 980 1825 Intempestivus
1032 1785 1256 1826 intempestivus
1317 1785 1546 1826 Intempestivos

181 1845 247 1873 quae
464 1844 550 1873 quem
748 1844 834 1873 quem
1031 1845 1096 1864 cum
1315 1845 1380 1865 cum

180 1884 209 1913 in
463 1883 543 1914 deest
746 1883 826 1913 deest
1031 1884 1111 1914 deest
1315 1884 1395 1915 deest

179 1937 267 1973 putor
462 1938 550 1973 putor
744 1938 832 1973 putor
1029 1939 1117 1974 putor
1314 1938 1418 1974 putrot

178 1984 258 2023 cepit
462 1984 542 2023 cepit
745 1983 824 2022 cepit
1029 1984 1119 2023 coepit
1314 1985 1393 2024 cepit

178 2032 278 2063 imbris
461 2032 562 2063 imbris
744 2032 845 2062 imbris
1028 2033 1146 2064 imbreis
1311 2033 1429 2065 imbreis

73 2087 131 2117 929
177 2083 285 2112 sensile
461 2080 650 2113 sensibilibus
743 2082 932 2112 sensibilibus
1028 2083 1137 2112 sensile
1311 2085 1441 2115 sensibu’

73 2138 131 2166 930
176 2132 331 2163 dumtaxat
459 2132 614 2163 dumtaxat
743 2132 898 2163 dumtaxat
1027 2133 1173 2164 duntaxat
1311 2135 1467 2167 dumtaxat

73 2187 128 2216 931
176 2191 213 2210 ea
459 2192 495 2211 ea
741 2192 778 2212 ea
1026 2193 1062 2211 ea
1309 2195 1347 2214 ex

176 2232 373 2262 mutabilitate
459 2231 656 2262 mutabilitate
741 2231 939 2262 mutabilitate
1025 2233 1221 2265 mutabilitate
1308 2234 1360 2264 sed
1374 2235 1538 2266 mobilitate

72 2285 130 2314 932
175 2280 275 2319 aliquo
457 2281 557 2320 aliquo
739 2281 839 2321 aliquo
1024 2281 1124 2322 aliqua
1310 2285 1411 2325 aliqua

177 2329 310 2368 proditur
457 2331 603 2371 proditum
738 2331 885 2370 proditum
1025 2333 1160 2372 proditur
1309 2337 1443 2377 proditur

72 2384 130 2413 934
176 2389 230 2408 nec
456 2391 509 2411 nec
739 2390 793 2409 nee
1024 2382 1080 2411 nisi
1307 2387 1370 2419 nisi

71 2434 128 2464 935
175 2427 332 2467 quiequam
351 2441 428 2460 com·
455 2432 612 2471 quiequam
631 2443 709 2462 com·
738 2428 896 2468 quicquam
914 2439 993 2459 com·
1023 2432 1180 2471 quicquam
1197 2443 1275 2463 com-
1299 2436 1470 2466 commutari
1478 2436 1563 2476 quid-

208 2478 315 2508 mutari
486 2482 594 2511 mutari
770 2477 878 2507 mutari
1053 2481 1162 2510 mutari
1336 2496 1426 2525 quam

69 2531 126 2562 936
177 2526 327 2567 Principio
457 2529 607 2570 Principio
740 2528 890 2568 Principio
1025 2530 1174 2570 Principio
1308 2535 1471 2565 Primorum
1490 2539 1524 2565 ut

69 2583 126 2612 937
175 2577 285 2607 Sensus
456 2580 581 2609 Sensum
740 2577 863 2608 Sensum
1023 2580 1134 2610 Sensus
1310 2585 1422 2614 Sensus

172 2627 272 2658 laesam
455 2629 554 2659 laesam
738 2626 839 2656 laesam
1021 2631 1115 2670 ipsam
1307 2635 1401 2674 ipsam

172 2678 351 2709 animantum
455 2680 636 2710 animantum
738 2681 920 2711 animantum
1020 2682 1200 2711 animantum
1305 2683 1462 2714 animantis

68 2731 124 2761 959
171 2733 308 2768 terraque
455 2734 593 2770 terraque
738 2736 876 2771 tetraque
1022 2730 1195 2771 flammaque
1307 2733 1481 2773 flammaque

68 2780 125 2809 940
170 2777 270 2809 vitalis
453 2779 554 2810 vitalis
737 2780 837 2809 vitalis
1022 2781 1138 2811 vitaleis
1304 2784 1420 2814 vitaleis

170 2829 376 2859 convenientes
452 2830 658 2860 convenientes
737 2830 945 2860 convenientes
1021 2832 1241 2863 convenienteis
1305 2834 1489 2864 convenienti
1534 2847 1537 2851 ¹

67 2879 120 2907 941
169 2887 252 2908 omne
260 2882 379 2909 tuentes
452 2891 537 2910 omne
549 2885 667 2910 tuentes
736 2890 820 2910 omne
834 2884 952 2911 tuentes
1020 2893 1104 2913 omne
1119 2888 1236 2914 tuentes
1303 2884 1498 2915 omnituentes

66 2928 123 2958 942
169 2937 312 2969 quamque
451 2940 590 2969 quanque
736 2940 874 2970 quanque
1021 2943 1154 2972 quenque
1303 2945 1448 2975 quamque
