1967 3314
360 255 452 294 184·

377 869 434 900 762

377 918 433 949 763

377 967 434 998 764

375 1065 431 1096 765

376 1114 433 1145 768

377 1270 434 1298 770

375 1369 432 1398 772

375 1468 432 1497 774-

373 1620 429 1648 775

372 2468 429 2496 787

375 2766 431 2794 789

374 2815 432 2844 790

374 2865 431 2893 794

373 2914 430 2943 795

634 246 1104 295 VARIANTES
1151 244 1588 296 LECTIONES

499 461 675 482 rzmmxnu
681 463 702 481 S.

533 587 661 617 Brixioe.

505 681 577 710 Sine
591 681 688 710 Anno.

481 770 538 799 sibi

482 830 572 860 quare

482 874 587 900 coacta

482 918 589 949 imbres

481 972 622 1008 quattuor

482 1011 589 1046 cuncta

481 1065 579 1095 omnia

482 1115 614 1145 AEternis

483 1165 562 1194 deest

481 1270 629 1304 terraeque

481 1315 580 1344 cohire

482 1364 568 1395 Nihil

479 1418 510 1444 et

480 1465 594 1494 animas

478 1612 604 1652 quisque

479 1662 629 1692 incentum

480 1712 577 1742 acervi

479 1763 609 1792 ostendit

478 1813 647 1852 mixtusque

479 1868 510 1892 et
522 1862 649 1902 quodam

479 1911 636 1953 gignendis

476 1962 688 1992 clandestinam

479 2022 576 2041 cecam

477 2071 642 2101 caeramque

480 2111 641 2141 Demineat

479 2161 587 2199 nequid

478 2211 605 2244 Quando

478 2259 553 2290 caelo

479 2310 542 2350 igni

479 2360 508 2389 in
521 2364 630 2390 terram

479 2411 589 2441 revorti

481 2462 531 2492 Ne

480 2523 597 2543 cessare

480 2564 535 2593 hoc

482 2615 511 2642 A

481 2662 552 2691 caelo

481 2712 587 2751 sydera

479 2760 560 2790 facto

480 2820 600 2839 necesse
613 2815 659 2840 est

480 2870 546 2898 quae

480 2919 599 2939 necesse
614 2914 660 2940 est

752 429 873 449 PAULUS
888 428 1022 448 FRIDBN-
1046 428 1242 450 ‘rfllzonossus
1257 430 1298 450 DE

1057 483 1291 504 RAGAZONIBUS.

1407 460 1520 481 Annus.

818 482 954 502 PERGER.

825 586 952 616 Veronae.

848 676 932 704 1486-
1422 676 1507 707 1500.

769 764 850 794 dfe-⁹2
1057 769 1138 800 deest
1343 766 1400 796 sibi

770 824 828 852 ‘1¹¹a
842 823 874 842 ΓΘ
1058 830 1116 859 qua
1129 830 1161 849 re
1345 825 1435 855 quare

771 867 874 892 coacta
1057 874 1161 899 coacta
1346 870 1449 895 coacta

772 913 879 942 imbres
1058 918 1165 948 imbres
1345 915 1452 944 imbres

771 966 912 1001 quattuor
1058 972 1198 1007 quattuor
1346 966 1486 1001 quattuor

770 1017 861 1041 cunta
1059 1022 1149 1047 cunta
1346 1015 1453 1041 cuncta

770 1072 871 1092 omnes
1059 1077 1159 1096 omnes
1346 1071 1446 1090 omnes

771 1112 904 1142 AEternis
1059 1116 1193 1146 AEternis
1346 1110 1480 1140 Alternis

772 1161 888 1191 Versus
905 1163 962 1194 763
1059 1166 1175 1195 Versus
1191 1167 1247 1198 763
1344 1159 1424 1190 ‘1⁶0⁸‘

808 1211 916 1253 partim
1097 1215 1205 1255 partim

769 1266 905 1301 terreque
1056 1268 1194 1304 ten-eque
1345 1263 1490 1299 ternaque

768 1312 868 1341 cohire
1056 1314 1156 1343 coliire
1346 1310 1423 1340 coire

1059 1363 1144 1392 Nihil
1348 1360 1401 1390 Nil

1347 1414 1379 1440 ut

1345 1460 1474 1490 animam

1345 1522 1411 1540 cuin

1346 1565 1380 1590 ut

768 1612 893 1652 quisque
1057 1610 1182 1649 quisque
1346 1611 1476 1650 quidque

769 1661 907 1692 incoetum
1058 1661 1195 1690 inccetum
1348 1662 1376 1691 in
1391 1665 1498 1691 coetum

769 1712 867 1741 acerui
1058 1710 1157 1740 acerui
1348 1710 1445 1741 acervi

769 1761 899 1791 ostendit
1058 1759 1190 1789 ostendit
1348 1760 1486 1790 ostendet

768 1812 937 1850 mixtusque
1059 1810 1228 1848 mixtusque
1349 1810 1513 1849 mistusque

769 1867 799 1892 et
814 1861 940 1901 quodam
1059 1865 1090 1890 et
1103 1859 1229 1899 quodam
1348 1865 1378 1890 et
1393 1860 1518 1899 quodam

768 1911 928 1952 gignundis
1058 1909 1217 1950 gignundis
1347 1909 1507 1950 gignundis

768 1962 982 1992 clandestinam
1058 1958 1271 1989 clandestinam
1346 1959 1558 1989 clandestinam

768 2021 937 2052 caecamque
1058 2019 1226 2048 caecamque
1347 2020 1512 2048 caecamque

769 2061 849 2091 deest
1057 2058 1137 2088 deest
1346 2059 1427 2089 deest

771 2112 953 2141 Dennmerot
1060 2109 1242 2138 Denumerot
1349 2110 1396 2139 De
1407 2121 1527 2140 numero

769 2160 878 2200 nequid
1057 2158 1164 2197 nequid
1347 2171 1382 2189 ne
1398 2161 1468 2200 quid

768 2211 894 2246 Quando
1057 2208 1183 2242 Quando
1346 2210 1425 2244 Quin

768 2261 844 2291 caelo
1057 2258 1129 2288 caelo
1346 2259 1417 2289 caelo

768 2311 831 2350 igni
1059 2308 1120 2348 igni
1346 2309 1430 2338 imbri

768 2361 797 2390 in
811 2365 921 2390 terram
1057 2359 1086 2387 in
1101 2363 1210 2388 terram
1345 2371 1363 2388 a
1376 2364 1457 2388 terra

768 2410 877 2439 reverti
1058 2409 1167 2438 reverti
1346 2410 1454 2439 reverti

771 2460 837 2489 Nec
1059 2459 1090 2488 N
1092 2470 1127 2488 ec
1347 2460 1413 2489 Nec

768 2519 885 2539 cessere
1058 2520 1174 2539 cessere
1346 2520 1463 2540 cessare

767 2560 823 2589 hec
1057 2560 1111 2589 hec
1344 2560 1411 2589 haec

769 2612 797 2639 A
1058 2612 1086 2638 A
1345 2620 1363 2638 a

768 2659 840 2689 caelo
1057 2659 1128 2688 caelo
1345 2659 1420 2688 caelo

768 2709 876 2749 sydera
1056 2709 1163 2749 sydera
1344 2708 1442 2738 sidera

766 2758 847 2788 facto
1057 2759 1137 2789 sacto
1343 2762 1432 2798 pacto

767 2818 887 2838 necesse
901 2812 947 2838 est
1057 2820 1178 2840 necesse
1191 2814 1239 2839 est
1344 2813 1497 2838 necessest

768 2870 825 2898 que
1056 2871 1113 2900 que
1343 2868 1408 2897 quae

769 2920 890 2940 necesse
902 2914 950 2940 est
1057 2919 1178 2940 necesse
1191 2913 1238 2940 est
1344 2913 1494 2939 necessest

1638 408 1679 427 1·:x
1689 408 1853 430 TYPOGRA·

1612 461 1688 481 mnA
1704 462 1868 484 socoe'rATl

1651 516 1680 536 1³1
1685 515 1846 537 Pox'rmlss.

1630 761 1688 791 sibi

1631 820 1722 850 quare

1631 864 1733 889 coorta

1632 910 1750 940 imbreis

1631 965 1757 1000 quatuor

1632 1013 1739 1039 cuncta

1632 1060 1730 1090 omnia

1633 1110 1767 1141 Alternis

1632 1160 1713 1190 deest

1633 1266 1776 1301 terraeque

1633 1311 1711 1340 coire

1633 1360 1687 1390 Nil

1634 1610 1763 1650 quidque

1634 1660 1664 1689 in
1678 1664 1756 1690 coetu

1635 1710 1733 1740 acervi

1634 1760 1785 1803 ostendet·

1635 1810 1798 1849 mistusque

1634 1865 1724 1900 atque
1739 1860 1838 1891 Ardor

1633 1910 1795 1953 gignundis

1633 1961 1846 1992 clandestinam

1633 2022 1798 2052 caecamque

1633 2060 1713 2091 deest

1633 2110 1772 2140 Emineat.

1633 2171 1669 2190 ne
1682 2161 1752 2200 quid

1633 2211 1712 2245 Qum

1631 2763 1719 2799 pacto

1631 2807 1793 2838 necesse'st

1630 2869 1698 2898 qua:

1631 2908 1793 2940 necesse‘st
