1967 3314
113 735 172 765 ‘279

112 932 171 958 280

113 982 171 1008 283

113 1082 171 1107 284·

111 1179 169 1207 286

111 1231 168 1260 287

109 1281 148 1309 29
153 1281 166 1306 1

109 1330 170 1358 294

109 1377 167 1409 296

97 1461 102 1463 ”
110 1479 167 1508 297

111 1529 168 1557 299

111 1578 170 1604 300

112 1678 166 1703 301

241 419 441 442 FERRANDUS.

276 544 405 575 Brixiae.

238 633 312 663 Sine
325 635 424 665 Anno.

218 725 297 764 rapit
331 737 337 741 “

218 773 342 815 injector

217 923 364 957 Quiddam

217 973 380 1005 refrenatur

217 1023 327 1054 residet

217 1083 338 1104 necesse
350 1079 397 1105 est

213 1321 320 1351 fultum
333 1334 421 1363 quam

213 1370 370 1411 quicquam

214 1431 309 1460 neque

214 1472 424 1513 principiorum

214 1527 283 1561 post
293 1524 356 1553 haec

218 1574 260 1603 Et
273 1585 338 1613 quae

215 1625 384 1655 consuerint

216 1678 349 1703 crescent

216 1723 303 1762 rique

132 1779 170 1804 Os.)
216 1773 317 1803 datum
330 1781 377 1805 est

216 1823 372 1862 quicquam
387 1830 435 1854 est

216 1871 245 1900 in
259 1883 359 1903 omnes

216 1922 337 1952 cohorta

218 1971 338 2002 Natura

214 2032 281 2051 cum

215 2071 252 2100 ab
273 2071 410 2102 sensibus

214 2121 310 2162 ipsmn

215 2182 331 2211 quoqne

215 2231 355 2261 asurpere

218 2271 379 2302 Presertim

216 2331 282 2350 curn
295 2332 360 2360 quae

217 2370 363 2409 possimus

218 2418 315 2449 celent

217 2469 316 2507 spatio

217 2517 344 2547 deducta

219 2567 367 2608 Lanigere

218 2623 353 2657 repetant

217 2678 353 2707 quasique

218 2717 353 2746 Invitant

217 2772 400 2806 gemmantes

219 2817 320 2846 satiati

193 2880 200 2920 1
221 2867 384 2907 blandeque

569 207 784 257 LIBRI
827 208 1184 259 SECUNDI.

491 389 614 410 PAULUS
628 390 763 411 FRIDEN-

557 445 693 466 PERGER.

561 548 689 580 Veronae.

585 640 666 668 1486.

503 727 583 767 rapit

503 777 627 817 injector
654 778 697 813 (in

535 832 653 866 pectore
666 838 733 858 nos-

536 881 584 906 tro

503 925 657 959 Quoddam

504 974 668 1005 refrenatur

504 1025 614 1055 residet

503 1081 655 1106 necessest

503 1126 583 1154 deest

503 1175 584 1204 inata

503 1224 576 1254 nihil

504 1274 549 1303 Ec

500 1322 607 1352 fultum
622 1334 709 1363 quam

503 1372 660 1412 quicquam

503 1432 556 1451 nec

502 1472 690 1512 pricipiorum

502 1526 570 1561 post
584 1522 638 1550 hec

504 1571 546 1600 Et
558 1582 616 1610 que

502 1621 671 1651 consuerint

503 1675 640 1699 crescunt

504 1720 592 1759 vique

503 1770 605 1799 datum
618 1776 666 1800 est

503 1819 663 1858 quicquam
678 1824 724 1848 est

504 1868 597 1907 partis
613 1868 642 1897 in
653 1877 753 1897 omnes

503 1917 626 1947 cohorta

505 1967 654 1997 Naturam

503 2028 571 2057 qum

503 2067 676 2097 absentibus

505 2117 601 2157 ipsum

503 2178 619 2208 quoque

503 2228 643 2257 asurpere

506 2268 669 2298 Presertim

504 2327 632 2358 qunlqlle

505 2368 652 2408 possimus

506 2417 603 2446 celent

505 2466 607 2506 spacio

506 2515 543 2544 de
558 2516 649 2545 ducta

507 2565 656 2605 Lanigere

507 2619 627 2654 raptant

506 2676 654 2705 quamque

508 2717 672 2746 Immutant

507 2767 692 2807 geminantes

507 2817 613 2847 saciati

509 2867 672 2908 blandeque

788 390 980 413 'nn-:ononus
994 393 1035 413 DE

793 446 1001 467 RAGAZONIBU
1005 447 1027 467 S·

841 548 978 578 Venetiis.

871 639 951 668 149⁵.

790 726 869 766 rapit

789 775 914 816 injector
947 777 991 812 (in

822 830 942 865 pectore
960 836 1029 856 nos-

821 879 869 904 tro

790 925 945 958 Quoddam

790 975 956 1006 refrenatur

790 1026 901 1056 residet

790 1082 941 1107 necessest

791 1124 871 1154 deest

790 1174 872 1204 inata

790 1224 864 1252 nihil

793 1272 837 1301 Ec

789 1321 895 1351 fultum
909 1333 997 1362 quam

789 1372 946 1412 quicquam

791 1433 844 1452 nec

790 1472 979 1513 pricipiorum

790 1529 859 1563 post
871 1525 927 1554 hec

791 1575 833 1603 Et
847 1586 903 1614 que

790 1626 959 1655 consuerint

791 1680 924 1705 crescent

791 1726 877 1764 vique

791 1775 893 1805 datum
906 1780 954 1805 est

792 1825 948 1864 quicquam
963 1830 1009 1855 cst

792 1875 887 1914 partis
900 1876 930 1904 in
941 1886 1041 1905 omnes

791 1925 916 1954 cohorta

794 1973 943 2003 Naturam

793 2035 860 2063 qum

792 2074 964 2104 absentibus

792 2124 887 2164 ipsum

793 2184 910 2213 quoque

793 2234 932 2263 asurpcre

795 2273 967 2303 Praeserlim

794 2335 920 2363 qumque

794 2383 950 2412 possumus

794 2423 891 2452 celent

793 2471 895 2510 spacio

793 2520 922 2550 deducta

795 2569 944 2609 Lanigere

795 2624 916 2659 raptant

794 2680 942 2710 quamque

795 2719 958 2750 Immutant

794 2769 980 2808 geminantes

795 2818 902 2848 saciati

796 2867 971 2910 blandaeque

1077 727 1142 767 rapi

1077 778 1106 807 in
1120 782 1240 816 pectore
1253 790 1321 809 nos-

1108 832 1156 858 tro

1077 927 1222 967 quoddam

1077 978 1242 1008 refrenatur

1077 1027 1181 1056 residit

1078 1082 1231 1106 necessest

1077 1132 1125 1156 est

1078 1175 1182 1206 innata

1079 1225 1118 1255 ni]

1080 1275 1122 1303 Et

1077 1323 1183 1353 fultum
1197 1334 1284 1363 quam

1078 1373 1236 1412 quicquam

1079 1434 1133 1452 nec.

1078 1472 1286 1513 principiorum

1079 1527 1147 1562 post
1161 1523 1223 1551 haec

1082 1572 1182 1610 thue

1079 1621 1248 1650 consuerint

1079 1675 1212 1699 crescent

1079 1719 1167 1758 inque

1079 1770 1181 1799 datum
1194 1776 1242 1799 est

1080 1821 1239 1860 quicquast

1081 1881 1183 1900 rursus
1197 1871 1227 1900 in
1240 1881 1325 1900 omne

1079 1925 1181 1950 coorta

1082 1971 1231 2000 Naturam

1081 2031 1146 2050 cum

1081 2071 1119 2100 ab
1132 2070 1268 2100 sensibus

1081 2120 1162 2159 ipsos

1082 2181 1141 2209 qua

1082 2231 1199 2260 serpere

1084 2270 1252 2300 Praesertim

1083 2332 1147 2350 cum
1162 2332 1227 2360 quae

1083 2381 1235 2408 possemus

1082 2419 1192 2448 coelent

1082 2469 1180 2508 spatio

1081 2519 1203 2548 diducta

1084 2569 1243 2609 Lanigerae

1083 2623 1203 2657 raptant

1083 2680 1219 2708 quanque

1085 2719 1218 2749 Invitant

1083 2774 1268 2808 gemmantes

1083 2819 1186 2849 satiati

1082 2869 1257 2909 blandaeque

1533 223 1627 263 203

1373 370 1415 390 Ex
1425 371 1589 393 TYPOGRA-

1344 424 1423 444 PHIA
1440 425 1620 447 soen-:luxus

1386 479 1580 500 BIPONTINAE.

1413 549 1547 591 Biponti.

1443 642 1456 667 1
1461 642 1524 671 782.

1363 725 1441 765 rapit

1363 775 1393 804 in
1407 780 1527 815 pectore
1539 787 1607 807 nos-

1395 829 1441 854 tro

1363 924 1512 958 Quiddam

1364 975 1539 1005 refraenatur

1363 1025 1467 1055 residit

1364 1075 1527 1105 necesse'st

1364 1129 1411 1154 est

1366 1174 1468 1203 innata

1365 1222 1406 1251 nil

1368 1273 1409 1301 Et

1364 1322 1424 1352 fuit
1437 1333 1567 1362 unquam

1367 1373 1527 1413 quidquam

1367 1434 1463 1462 neque

1367 1473 1573 1513 principiorum

1367 1524 1491 1563 posthac

1370 1574 1411 1602 Et
1424 1584 1492 1613 quae

1367 1628 1544 1653 consuerunt

1368 1678 1502 1704 crescent

1368 1723 1455 1762 inque

1365 1773 1507 1803 datum'st

1366 1824 1569 1863 quidquam'st

1366 1884 1467 1903 rursus
1481 1873 1510 1903 in
1524 1884 1609 1903 omne

1368 1928 1469 1953 coorta

1369 1973 1517 2002 Naturam

1368 2034 1433 2052 cum

1368 2073 1406 2101 ab
1419 2072 1556 2102 sensibus

1370 2121 1421 2151 illa

1369 2183 1485 2211 (Illoque

1369 2232 1490 2261 surpere

1371 2271 1540 2300 Praesertim

1370 2332 1434 2351 cum
1449 2330 1518 2359 quae

1370 2371 1518 2410 possimus

1369 2421 1467 2450 celent

1368 2470 1466 2509 spatio

1368 2521 1489 2551 diducta

1370 2571 1528 2611 Lanigerae

1370 2626 1490 2660 reptant

1369 2681 1515 2709 quamque

1371 2720 1504 2749 Invitant

1368 2774 1552 2809 gemmantes

1370 2819 1473 2850 satiati

1370 2869 1534 2909 blandeque
