1967 3314
375 258 469 298 232

692 250 1146 302 VARIANTES
1185 253 1625 305 LECTIONES

522 466 726 487 FERRANDUS.

492 563 1048 573 ———-——-————

770 432 892 452 PAULUS
909 433 1046 454 FMDEN-

834 488 970 509 PERGER.

1070 435 1262 456 ‘rimononus
1279 436 1320 456 DE

1079 489 1314 510 RAGAzOMBUS.

1660 418 1700 437 Ex
1711 418 1875 440 TYFOGRA-

1632 471 1669 490 ΡΗ
1674 471 1707 490 ῙΑ
1725 471 1906 494 socuz'rAsss

1673 525 1867 546 nlroN'rXNAE.

1057 563 1903 576 ζ--ῇ--ᾕ

377 741 1908 756 --Ἦᾙ-ᾓῇ-

502 775 677 814 Aspergunt

502 834 617 864 semper

502 872 532 902 in
546 873 671 902 nubibus

504 921 626 961 Integer

503 970 581 1011 riget

502 1019 674 1059 suppeditat

502 1069 613 1099 delibat

503 1118 563 1148 ullo

502 1170 620 1208 quando

501 1219 703 1259 despiciantur

501 1279 673 1309 quecunque

503 1319 552 1348 ubi

501 1374 591 1409 atque

501 1419 638 1459 signatur
650 1430 668 1450 a

501 1472 607 1508 patens

501 1523 614 1548 retecta
626 1524 673 1549 est

501 1569 638 1607 quoniam

499 1623 670 1648 cunctarum

500 1667 615 1697 alterno

501 1718 613 1758 percita

500 1767 605 1802 Quove

500 1828 547 1847 res
560 1828 598 1847 ex
612 1818 660 1847 his

500 1869 616 1899 videtur

500 1918 672 1948 suffundans

500 1968 616 2007 nigrore

502 2028 597 2056 neque

501 2067 640 2106 relinquit

500 2116 578 2156 quod

501 2166 562 2196 laeti

500 2215 658 2256 quicquam

501 2271 601 2296 nostre

501 2317 582 2347 venti

502 2366 639 2396 voluntas

501 2428 621 2447 causam

503 2467 647 2496 Extorres

501 2515 577 2545 idem

500 2564 597 2605 fugati

499 2615 628 2644 erumnis

501 2664 600 2693 affecti

502 2714 694 2754 manibusque
717 2716 762 2744 di-

541 2773 644 2802 Vlsque

503 2811 672 2850 religionem

503 2861 636 2893 homines

503 2911 554 2951 qui

788 830 904 860 semper

788 869 818 898 in
832 871 960 903 nubibus

790 920 913 960 Integer

789 969 859 1000 ridit

788 1020 959 1060 subpeditat

788 1070 900 1101 delibat

790 1119 840 1149 illo

789 1171 907 1209 quando

788 1219 989 1260 despiciantur

788 1280 960 1310 quecunque

788 1319 837 1348 ubi

788 1373 820 1398 at

788 1417 924 1457 signatur
936 1430 955 1449 a

788 1473 893 1507 patens

788 1523 870 1547 recta
884 1526 931 1549 est

787 1577 874 1605 quom

788 1620 958 1646 cunctorum

788 1665 902 1696 alterno

788 1716 899 1755 partita

788 1767 892 1800 Quove

788 1827 836 1846 res
849 1827 887 1846 ex
901 1816 949 1846 his

787 1866 867 1896 deest

789 1916 964 1946 suffundans

788 1967 890 2007 vigore

787 2026 823 2045 ne

787 2065 910 2104 reliquit

789 2115 869 2145 deest

788 2165 852 2195 laeci

789 2214 947 2254 quicquam

790 2268 900 2293 nostrae

790 2312 871 2342 venti

790 2363 926 2394 voluntas

789 2423 908 2442 causam

791 2462 839 2492 Ex
853 2473 951 2493 cortes

790 2512 867 2542 idem

789 2562 890 2603 fugaci

789 2613 918 2643 erumnis

789 2661 887 2692 allecti

790 2713 982 2752 manibusque
1004 2713 1047 2742 di-

829 2763 933 2803 visque

791 2812 961 2853 religionem

791 2862 923 2893 homines

790 2911 861 2950 quid

1076 777 1250 816 Asper-gunt

1076 836 1192 865 semper

1076 874 1105 902 in
1119 875 1245 904 nubibus

1079 923 1200 963 Integer

1077 971 1147 1001 ridit

1077 1020 1248 1061 subpeditat

1079 1070 1191 1102 delibat

1077 1122 1128 1151 illo

1076 1172 1127 1211 qui

1075 1221 1278 1261 despiciantur

1075 1282 1247 1311 quecunque

1076 1321 1125 1351 ubi

1075 1377 1165 1410 atque

1076 1420 1211 1460 signatur
1225 1432 1243 1451 a

1075 1475 1181 1510 patens

1074 1525 1186 1550 retorta
1199 1525 1246 1550 est

1075 1581 1163 1609 quum

1075 1625 1245 1649 cunctorum

1074 1669 1189 1698 alterno

1074 1719 1135 1759 peri
1141 1724 1172 1749 ta

1075 1769 1179 1803 Quove

1076 1829 1123 1849 res
1138 1828 1175 1848 ex
1191 1819 1238 1848 his

1076 1869 1191 1900 videtur

1075 1918 1248 1948 snffundans

1075 1967 1177 2007 vigore

1076 2029 1112 2047 ne

1077 2067 1195 2107 reliquit

1076 2116 1157 2147 deest

1077 2167 1129 2197 leti

1077 2218 1232 2256 quicquam

1078 2271 1189 2296 nostra:

1079 2317 1158 2345 venti

1079 2364 1215 2405 voluptas

1077 2426 1197 2445 causam

1080 2465 1127 2495 Ex
1140 2470 1235 2495 torres

1078 2516 1154 2545 idem

1080 2565 1176 2606 fugati

1078 2615 1207 2645 crumnis

1076 2664 1173 2695 allecti

1076 2715 1268 2754 manibusque
1291 2715 1335 2744 (li-

1116 2764 1219 2803 visque

1078 2813 1248 2854 religionem

1078 2862 1210 2892 homines

1079 2912 1149 2952 quid

1363 782 1525 817 aspergunt

1363 836 1479 866 semper

1364 875 1427 904 sine
1442 875 1567 904 nubibus

1364 923 1479 962 integer

1365 972 1442 1002 ridet

1364 1022 1535 1062 subpeditat

1365 1071 1476 1102 delibat

1364 1120 1425 1150 ullo

1365 1171 1434 1209 quin

1364 1220 1566 1259 despiciantur

1364 1281 1544 1309 quaecunque

1363 1320 1412 1349 ubi

1363 1375 1453 1408 atque

1363 1420 1405 1448 sic
1420 1424 1468 1448 nat
1474 1430 1527 1449 ura

1363 1474 1469 1508 patens

1363 1523 1476 1548 retecta
1489 1529 1522 1547 es

1363 1568 1499 1607 quoniam

1363 1622 1534 1647 cunctarum

1363 1666 1478 1697 alterno

1363 1718 1475 1758 percita

1364 1768 1468 1802 Quove

1364 1829 1411 1848 res
1425 1828 1463 1848 ex
1477 1818 1524 1848 his

1364 1867 1479 1897 videtur

1364 1918 1536 1947 suffundens

1364 1967 1481 2007 nigrore

1365 2027 1417 2046 nec

1364 2067 1483 2106 reliquit

1364 2117 1442 2155 quod

1367 2166 1418 2196 leti

1365 2216 1522 2256 quicquam

1367 2271 1477 2296 nostra:

1366 2316 1452 2345 vetiti

1367 2366 1502 2405 voluptas

1367 2425 1457 2444 causa

1368 2466 1511 2495 Extorres

1366 2515 1453 2545 iidcni

1365 2565 1461 2606 fugati

1365 2626 1501 2644 aerumnis

1365 2665 1465 2695 affecti

1365 2720 1394 2745 et
1422 2715 1554 2745 manibus
1579 2715 1624 2745 di-

1404 2766 1449 2795 vis

1367 2815 1547 2854 relligionem

1366 2864 1498 2896 homines

1367 2914 1417 2953 qui

1650 774 1843 815 Adspergunt

1650 832 1822 862 semperque

1651 870 1799 901 innubilus

1651 919 1766 960 Integit

1651 969 1727 1000 ridet

1650 1020 1825 1060 suppeditat

1651 1069 1777 1100 delibrat

1651 1119 1711 1148 ullo

1652 1169 1722 1208 quin

1651 1220 1846 1260 dispiciantur

1651 1281 1831 1310 quaecunque

1650 1320 1705 1350 tibi

1651 1374 1741 1409 atque

1650 1418 1692 1448 sic
1708 1424 1813 1449 natura

1651 1473 1734 1507 patet

1650 1523 1763 1548 retecta

1650 1567 1788 1606 quoniam

1651 1623 1823 1647 cunctarum

1651 1671 1763 1696 aeterno

1652 1717 1767 1759 percita

1651 1769 1776 1808 Quoque

1651 1828 1689 1847 ex
1703 1818 1750 1847 his
1764 1828 1811 1848 res

1651 1868 1770 1898 videtur

1649 1919 1822 1949 suffundens

1651 1969 1769 2010 nigrore

1653 2028 1747 2057 neque

1652 2067 1792 2106 relinquit

1653 2117 1731 2156 quod

1654 2167 1727 2196 lethi

1653 2216 1812 2255 quidquam

1654 2270 1762 2295 nosti-<e

1654 2316 1735 2346 venti

1654 2365 1790 2395 voluntas

1653 2425 1745 2445 causa

1656 2465 1799 2495 Extorres

1653 2516 1741 2545 iidem

1652 2565 1747 2606 sug-ati

1651 2615 1787 2645 aerumnis

1652 2665 1751 2695 affecti
1790 2696 1793 2697 γ

1652 2721 1682 2745 et
1713 2714 1842 2745 manibu'
1868 2716 1912 2745 di-

1693 2765 1737 2795 vis

1655 2814 1834 2855 relligionem

1654 2865 1799 2895 hominem

1655 2915 1706 2954 qui
