1967 3314
143 1142 200 1171 295

142 1242 200 1270 ‘297

141 1341 199 1368 299

141 1389 199 1415 300

141 1489 198 1515 302

141 1539 199 1564 303

142 1685 200 1714 306

143 1788 200 1816 307

141 2144 199 2173 309

142 2243 200 2269 310

142 2342 200 2368 312

143 2440 202 2466 313

144 2490 201 2516 3144

143 2540 200 2566 315

143 2588 200 2615 316

143 2640 201 2668 317

143 2690 201 2715 320

144 2839 199 2865 321

266 482 282 502 F
288 480 468 502 ERRANDUS.

298 604 432 634 Brixiae.

271 694 344 723 Sine
356 694 456 723 Anno.

248 784 373 814 tolerare

248 836 370 866 incurrit

248 885 402 926 quicquam

249 936 323 970 Quae

248 997 313 1015 cum
327 986 431 1017 flumen

248 1037 373 1067 tendunt

248 1087 365 1126 ruitque

248 1137 400 1177 rapidique

249 1187 359 1216 rotanti

248 1241 279 1267 et

247 1285 352 1315 aemula

248 1336 321 1364 Cum

245 1395 332 1415 nares

247 1435 391 1465 venientis

246 1496 351 1515 canere

247 1536 320 1569 Quae

246 1597 369 1626 corpora

247 1646 367 1666 necesse
381 1640 427 1666 est

248 1697 398 1727 suspaense

249 1738 348 1768 littore

249 1788 400 1818 Uvescunt

249 1839 340 1868 aedem

248 1889 386 1930 dispanse

247 1942 278 1970 in
288 1940 350 1970 sole

248 2003 280 2021 se
295 1995 434 2021 arescunt

247 2043 293 2070 Ac

246 2101 368 2131 presens
382 2091 440 2120 erit

247 2141 356 2171 Visum
370 2144 418 2170 est

246 2195 321 2221 aestu

246 2245 347 2281 partes

247 2290 427 2330 dispergitur

247 2340 369 2369 multum

249 2390 352 2419 annuis

249 2438 365 2468 Anulus

251 2487 445 2527 Stilicidiique

249 2537 363 2567 occulte

250 2587 328 2627 volgi

249 2647 316 2666 aena

248 2687 314 2715 liaec

248 2735 358 2765 mimmi

249 2796 314 2814 cum

249 2845 317 2874 quae

249 2894 371 2924 corpora

249 2945 345 2973 quoqu
350 2945 376 2964 ae

661 265 878 315 LIBRI
920 264 1166 315 PRIMI.

515 449 637 470 PAULUS
654 449 786 470 PRIDEN-
811 449 1002 469 'rimononus
1016 448 1058 468 DE

581 505 716 525 PERGER.

579 608 708 637 Vcronae.

612 699 696 725 1486.

532 787 669 818 tollerare

533 839 656 869 incurrit

532 888 696 928 quicunque

533 940 599 973 Que

534 999 599 1018 cum
612 989 718 1018 flumen

533 1039 658 1068 tendunt

533 1094 678 1129 ruuntque

533 1139 686 1179 rapidique

533 1188 642 1218 rotanti

532 1438 677 1467 venientis

533 1499 651 1518 cernere

532 1539 598 1573 Que

532 1598 655 1627 corpora

533 1642 684 1667 necessest

533 1699 687 1728 suspensae

533 1739 632 1768 littore

535 1789 684 1818 Uvestunt

532 1838 645 1867 eaedem

533 1889 671 1929 dispanse

532 1939 562 1968 in
576 1939 638 1968 sole

532 2000 565 2019 se
578 1994 717 2018 arescunt

532 2041 579 2069 Ac

531 2101 637 2130 pesens
652 2090 711 2119 erit

533 2138 671 2169 Visumst

532 2193 611 2218 aestu

532 2243 633 2279 partes

530 2288 712 2328 dispargitur

532 2339 654 2369 multum

533 2390 618 2419 annis

534 2439 651 2468 Anulus

536 2487 741 2526 Stillicidiique

533 2537 630 2566 oculte

534 2586 613 2626 volgi

534 2637 645 2666 harena

534 2686 589 2715 hec

535 2736 626 2765 minui

535 2796 604 2825 qum

534 2845 592 2874 que

535 2895 658 2924 corpora

535 2945 652 2975 quoque

817 503 1050 523 RAGAzoNIBUS.
1106 500 1110 505 ”

862 605 998 635 Venetiie.
1031 627 1034 631 Δ

896 698 909 723 1
914 694 977 726 495.

817 787 953 817 tollerare

818 838 939 868 incurrit

818 888 972 928 quicquam

818 939 884 972 Que

817 998 882 1017 cum
896 988 1001 1018 flumen

817 1039 940 1069 trudunt

818 1094 968 1133 ruuntque·

818 1139 970 1179 rapidique

816 1190 928 1218 rotanti

817 1400 902 1419 nares

816 1438 962 1468 venientis

816 1499 934 1518 cernere

816 1540 882 1574 Que

817 1599 939 1628 corpora

816 1643 967 1669 necessest

816 1698 971 1728 suspensae

816 1738 916 1768 littore

819 1788 980 1817 Suvestunt

817 1837 929 1866 eaedem

817 1887 955 1926 dispanse

818 1936 847 1965 in
861 1937 923 1966 sole

817 1997 850 2015 se
863 1991 983 2016 rescunt

817 2038 864 2066 Ac

816 2086 1004 2127 praecesserit

817 2138 957 2167 Visumst

816 2193 894 2219 aestu

815 2242 915 2278 partes

815 2287 998 2327 dispargitur

816 2337 938 2366 multum

816 2387 901 2417 annis

818 2436 936 2466 Anulus

818 2484 1002 2523 Sti-lcidiique

816 2535 930 2565 occulte

817 2583 898 2624 vulgi

817 2635 934 2664 hahena

818 2685 884 2713 haec

818 2733 910 2764 minui

820 2795 890 2824 qum

819 2845 877 2874 que

821 2895 961 2925 corporea

821 2944 936 2974 quoque

1152 608 1289 638 Venetiis.

1178 701 1260 726 1500.

1102 786 1228 816 tolerare

1103 835 1225 865 incurrit

1101 885 1255 925 quicquam

1102 936 1179 970 Quae

1102 986 1207 1016 flumen
1221 997 1287 1017 cum

1101 1037 1224 1067 trudunt

1102 1092 1247 1127 ruuntque

1103 1137 1254 1176 rapidique

1102 1186 1212 1216 rotanti

1103 1396 1189 1415 nares

1102 1435 1264 1465 venienteis

1102 1495 1222 1515 cernere

1102 1536 1179 1570 Quae

1102 1594 1241 1624 corporea

1102 1638 1254 1664 necessest

1103 1696 1256 1726 suspensae

1103 1735 1202 1765 littore

1105 1785 1257 1815 Uvescunt

1103 1835 1215 1864 eaedem

1102 1886 1239 1915 candenti

1102 1935 1165 1965 sole

1103 1990 1258 2016 serescunt

1104 2038 1147 2066 At

1103 2087 1267 2127 persederit

1102 2137 1198 2167 visust

1103 2192 1197 2217 aestus

1101 2237 1213 2278 parteis

1102 2288 1283 2328 dispergitur

1102 2337 1225 2368 multum

1102 2389 1187 2418 annis

1103 2437 1239 2467 Annulus

1103 2487 1252 2517 Stillicidii

1102 2536 1216 2567 occulte

1102 2587 1183 2627 vulgi

1102 2637 1198 2666 ahena

1102 2687 1169 2715 haec

1103 2734 1194 2764 minui

1104 2795 1173 2814 cum

1105 2843 1175 2873 quae

1105 2893 1226 2924 corpora

1106 2944 1222 2974 quoque

1568 279 1651 325 171

1399 427 1441 446 Ex
1451 429 1551 450 TYPOG
1556 432 1597 451 ΚΑ
1603 443 1614 448 -

1371 482 1447 501 ΡΗῙΑ
1465 483 1644 507 ΞΟΟῙΕΤΑἳΙῗΙὸ

1408 536 1602 559 BIPON'HNAE.

1430 607 1565 648 Biponti.

1465 701 1478 726 1
1484 701 1546 730 782.

1387 786 1514 817 tolerare

1389 835 1539 867 incurrens

1388 886 1529 926 quidquid

1389 936 1466 970 Quae

1389 987 1495 1017 flumen
1509 999 1574 1018 cum

1388 1037 1511 1067 trudunt

1389 1092 1536 1127 ruuntque

1390 1137 1549 1177 rapidoque

1389 1187 1518 1217 rotantia

1388 1248 1423 1267 ac

1387 1286 1494 1316 aemula

1389 1336 1467 1366 Tum

1388 1386 1485 1416 nareis

1387 1439 1551 1470 venienteis

1387 1498 1508 1519 cernere

1388 1539 1465 1573 Quae

1386 1600 1525 1629 corporea

1387 1639 1550 1669 necesse'st

1387 1700 1542 1729 suspensae

1387 1739 1473 1768 litore

1390 1788 1542 1818 Uvescunt

1387 1839 1499 1868 eaedem

1387 1889 1538 1930 dispansae

1388 1939 1417 1968 in
1431 1939 1493 1968 sole

1388 1992 1542 2018 serescunt

1389 2039 1433 2067 At

1387 2088 1550 2128 persederit

1390 2138 1511 2168 Visu'st

1388 2193 1466 2219 aestu

1387 2239 1498 2279 parteis

1386 2288 1567 2328 dispergitur

1386 2338 1487 2368 multis

1388 2388 1472 2417 annis

1387 2437 1524 2467 Annulus

1389 2487 1528 2517 Stillicidi

1387 2538 1501 2568 occulte

1388 2587 1467 2628 volgi

1386 2637 1483 2666 aliena

1388 2688 1454 2717 haec

1387 2736 1477 2766 minui

1387 2796 1452 2815 cum

1389 2845 1457 2875 quae

1388 2895 1511 2926 corpora

1390 2946 1506 2975 quoque
