1967 3314
326 245 420 285 386
617 232 1073 282 VARIANTES
1114 231 1549 282 LECTIONES

715 417 838 436 munus
850 416 986 436 rnmssn-
998 414 1195 435 oeuzononus
1209 415 1250 434 ne
1591 392 1631 411 tx
1644 390 1809 411 TYPOEBA‘

466 449 667 470 numanus.
784 470 910 490 PERGER
1014 467 1246 488 EAGAzomws·
1363 446 1475 466 Annus.
1564 445 1640 465 rfflA
1655 443 1836 465 soem-ttius

911 483 919 490 ⁶
1604 499 1796 519 ninom-mn..

790 573 919 605 Verm-
1069 568 1206 598 venetiis.
1346 568 1485 598 Veneliis·
1633 571 1766 612 ΒιΡοηίΙ.

354 621 397 650 V.

334 671 337 674 ’
812 665 894 694 1486.
1093 666 1175 694 1495.
1377 663 1459 690 1500.
1662 666 1743 694 1782.

350 759 407 785 848
735 753 898 781 hammonis
1017 751 1181 780 hammonis
1304 749 1448 779 Hamonis
1585 754 1737 783 Ammonis

351 808 407 837 849
735 806 766 830 et
1019 805 1051 829 et
1301 804 1331 829 et
1584 807 1617 831 at

352 858 405 884 851
735 850 898 880 fervescere
1019 849 1182 879 fervescere
1303 848 1466 879 fervescere
1584 850 1742 881 ferviscere

737 900 846 940 partim
1004 920 1007 923 -
1022 899 1128 938 purtim
1290 920 1292 922 -
1303 898 1410 937 partim
1587 900 1695 939 raptim
1758 887 1765 895 ⁸

352 957 408 982 852
739 949 811 979 Nox
1023 947 1096 977 Nox
1306 945 1377 975 Nox
1590 949 1663 978 Nox

739 1006 819 1031 terra
1021 1002 1101 1027 term
1297 1001 1401 1025 -terras
1545 998 1548 1002 ’
1590 1004 1684 1030 terras

353 1057 409 1082 853
739 1051 825 1081 nimis
1022 1046 1110 1076 nimis
1307 1043 1393 1074 nimis
1590 1049 1686 1078 minus

739 1104 838 1130 verast
1023 1100 1122 1126 verast
1307 1098 1408 1123 vera—‘32
1592 1097 1703 1127 vera'st

353 1156 410 1181 854
454 1154 641 1180 contractans
739 1154 926 1180 contractans
1023 1150 1211 1175 contractans
1307 1147 1494 1173 00ῠῦἳῦίᾶὓὸ
1590 1152 1776 1178 contrectans

354 1206 409 1231 855
456 1200 546 1239 quirit
740 1200 842 1239 quient
1024 1195 1127 1234 quient
1307 1192 1415 1230 quierit
1589 1197 1698 1235 quierit

456 1259 563 1289 supera
575 1249 612 1279 de
740 1261 829 1289 super
842 1250 898 1280 ade
1024 1255 1112 1285 super
1123 1245 1180 1274 ade
1307 1251 1415 1281 supera
1426 1242 1463 1271 de
1589 1256 1697 1286 supera
1708 1247 1746 1277 de

355 1301 411 1329 856
457 1299 565 1328 lumine
741 1299 857 1328 lumine.
1026 1295 1133 1324 lumine
1308 1291 1405 1322 lumen
1592 1296 1688 1326 lumen

458 1347 571 1378 fervore
741 1349 842 1377 fenore
1025 1344 1125 1374 fenore
1309 1343 1422 1373 fervore
1592 1344 1704 1375 fervore

356 1403 411 1431 857
458 1397 575 1437 Quique
588 1396 684 1426 adhuc
741 1398 858 1436 Quique
871 1397 966 1427 adhuc
1025 1394 1141 1432 Quique
1155 1394 1251 1424 adhuc
1308 1393 1367 1426 Qui
1382 1397 1472 1431 queat
1486 1392 1563 1422 hunc
1592 1394 1651 1428 Qui
1664 1399 1754 1434 queat
1766 1395 1814 1424 hic

458 1457 547 1487 super
741 1458 830 1486 super
1026 1454 1114 1483 super
1309 1442 1410 1471 subter
1593 1444 1694 1473 subter

357 1502 413 1527 858
460 1497 666 1536 Perquoquere
744 1496 892 1536 Perquere
1028 1493 1175 1532 Perquere
1312 1491 1494 1530 Percoquere
1595 1493 1779 1533 Percoquere

458 1546 598 1575 minorem
742 1546 882 1575 minonem
1027 1543 1165 1572 minorem
1311 1540 1461 1569 humorem
1595 1543 1746 1572 humorem

459 1594 503 1623 sol
517 1594 587 1623 dare
744 1595 787 1625 sol
801 1595 872 1624 dare
1026 1591 1070 1620 sol
1084 1592 1155 1620 dare
1312 1589 1421 1618 sotiare
1595 1591 1708 1620 sociare

460 1654 598 1684 vaporem
745 1654 881 1683 vaporem
1027 1650 1163 1680 vaporem
1313 1648 1451 1678 vaporem
1596 1642 1696 1681 vapori

359 1701 414 1728 859
463 1693 623 1723 Presertim
747 1692 906 1724 Presertim
1030 1689 1189 1720 Presertitn
1315 1687 1483 1718 Praertim
1499 1689 1501 1691 ’
1597 1689 1766 1720 Praesertim

461 1745 511 1774 lux
746 1743 796 1772 vix
978 1738 981 1740 .
1030 1739 1078 1768 Vix
1315 1739 1363 1768 vix
1597 1739 1647 1770 vix

359 1797 416 1825 860
463 1795 617 1824 Insinuare
748 1794 785 1823 In
797 1794 914 1823 sinuare
1030 1788 1183 1818 Insinuare
1317 1788 1470 1818 insinuare
1598 1790 1754 1820 Insinuare

462 1855 605 1874 summum
745 1853 859 1873 sumum
1030 1849 1143 1868 sumum
1316 1848 1400 1868 sunm
1597 1851 1681 1871 suum

462 1893 632 1923 ardentibus
746 1892 925 1923 arolentibus
1029 1888 1209 1918 arolentibus
1315 1887 1486 1918 ardentibus
1597 1890 1768 1920 ardentibus

361 1948 414 1975 861
463 1944 539 1973 ratio
553 1947 602 1973 est
747 1942 854 1972 ratiost
1030 1940 1136 1969 ratiost
1315 1938 1423 1968 ratiost
1598 1938 1716 1969 ratio'st

362 1997 418 2025 862
465 1992 563 2021 Parva
748 1991 846 2020 Parva
1031 1988 1129 2018 Parva
1316 1998 1407 2028 parva
1600 1989 1682 2018 Rara

465 2045 577 2070 certum
748 2045 859 2070 certum
1031 2044 1142 2068 cenum
1315 2044 1426 2069 certum
1599 2039 1708 2068 circum

465 2090 544 2120 deest
749 2090 830 2118 deest
1032 2087 1112 2117 deest
1316 2088 1396 2118 deest
1600 2088 1678 2116 hunc

465 2150 553 2180 quam
749 2150 838 2179 quam
1032 2148 1119 2176 quam
1317 2149 1405 2177 quam
1599 2147 1659 2176 qun

466 2195 566 2220 cetera
750 2195 857 2220 caetera
1031 2192 1139 2216 caetera
1318 2192 1425 2217 caetera
1599 2191 1699 2216 cetera

365 2246 421 2274 863
468 2240 627 2279 Multaque
752 2238 854 2268 Multa
866 2249 922 2278 que
1035 2235 1136 2265 Multa
1150 2243 1218 2275 quae
1320 2236 1477 2275 Multaque
1603 2235 1763 2274 Multaque

365 2296 421 2323 864
470 2290 538 2319 Hoc
755 2289 822 2318 Hoc
1036 2286 1103 2315 Hoc
1322 2288 1389 2318 Hoc
1604 2285 1684 2314 Hinc

366 2345 421 2373 865
469 2339 628 2379 Extemplo
754 2338 801 2367 Ex
815 2337 923 2377 templo
1036 2335 1083 2364 Ex
1097 2334 1208 2375 templo
1322 2336 1481 2376 Extemplo
1605 2334 1763 2374 Extemplo

468 2389 582 2418 sonitus
754 2387 868 2418 sonitus
1034 2385 1149 2415 sonitus
1320 2387 1424 2416 subtus
1603 2384 1708 2416 subtus

367 2445 423 2472 866
470 2450 536 2468 nam
753 2447 820 2466 nam
885 2432 891 2438 ”
1038 2445 1104 2464 nam
1321 2447 1408 2466 manu
1604 2445 1691 2465 manu

367 2494 423 2524 867
470 2488 581 2517 fontem
753 2486 858 2516 sortem
1036 2485 1141 2515 sortem
1321 2486 1432 2516 sontem
1604 2485 1714 2515 fontem

471 2548 539 2578 quae
754 2546 812 2574 que
1037 2546 1094 2574 que
1321 2545 1390 2575 quae
1606 2545 1674 2574 quae

369 2594 425 2621 868
471 2589 545 2622 Quae
755 2586 821 2620 Que
1037 2585 1111 2618 Quae
1124 2591 1132 2601 ·
1322 2586 1397 2620 Quse
1605 2584 1683 2618 Quae

471 2642 641 2676 tactumque
757 2639 868 2665 tactum
881 2639 971 2674 atque
1040 2641 1153 2666 tactum
1167 2639 1256 2675 atque
1323 2640 1435 2665 tactum
1451 2639 1540 2675 atque
1605 2639 1719 2664 tactum
1734 2637 1822 2674 atque

473 2697 610 2727 vaporem
758 2695 894 2725 vaporem
1038 2696 1178 2725 vaporem
1325 2694 1463 2724 vaporem
1607 2693 1741 2724 saporem

370 2741 427 2771 869
473 2738 510 2766 ab
530 2743 613 2767 ortus
757 2735 794 2764 ob
807 2734 882 2764 ortis
1039 2735 1076 2765 ob
1091 2735 1164 2765 ortis
1324 2735 1436 2765 obortis
1608 2732 1719 2764 obortis

370 2792 423 2821 871
474 2786 560 2816 sedes
757 2785 844 2814 sedes
1040 2785 1126 2815 sedes
1326 2785 1412 2815 sedes
1608 2781 1705 2812 sedeis

369 2841 426 2871 872
473 2836 550 2866 redit
758 2835 834 2865 redit
1041 2834 1119 2875 red-it
1327 2834 1405 2864 cedit
1608 2831 1688 2862 cedit

1037 2926 1057 2944 Ο
