1967 3314
587 239 804 290 LIBRI
841 237 1136 297 QUINTI.
1530 250 1625 298 347

1370 398 1411 417 Ex
1423 399 1586 422 TYPOGRA-

1141 453 1227 473 ALDU
1232 453 1254 473 s.
1342 451 1421 472 rfflA
1436 453 1616 476 socnz'rATls

487 423 608 444 PAthts
623 424 760 444 fluum<-
779 422 975 443 'rxsstonossus
990 421 1030 441 m!

237 454 438 475 rtRRANntts.

558 478 693 497 PERGER.
791 476 1029 497 RAGAZONIBUS.

1384 506 1578 529 BIPON’HNAE.

284 580 412 610 Bn'xioe,
564 582 694 612 Veram,
841 578 979 608 Venerii&
1126 576 1266 608 Venetiis.
1413 579 1548 620 Bipmzti.

129 629 167 656 ν’
235 669 308 699 Sine
321 670 423 699 Anno.
585 674 667 702 1486.
868 672 952 702 1495.
1154 670 1239 695 1500.
1436 673 1521 702 1782.

100 728 195 738 —.—
488 728 760 737 ———
775 728 1045 735 —--.-—-
1057 727 1329 736 —
1343 728 1616 741 ἣ.-

101 766 115 792 1
121 763 156 792 16
161 766 174 791 1
226 759 414 800 Penulgarit
508 759 691 800 Pervulgant
793 758 974 799 Pervulg-ant
1076 755 1260 796 pervulgarit
1365 758 1553 800 Pei-volgarit

225 820 360 839 amarum
507 819 645 838 ranarum
791 819 927 838 ranarum
1077 816 1194 835 ararum
1363 819 1480 839 ararum

225 860 305 889 orbis
509 859 588 889 orbis
792 859 871 888 orbis
1078 856 1176 885 urbeis
1362 859 1461 889 urbeis

103 913 115 939 l
122 911 178 939 162
225 909 367 939 solemnia
510 909 651 939 solemnia
793 909 935 938 solemnia
1078 904 1222 934 solemnia
1363 908 1495 939 solennia

104 963 117 988 1
123 960 179 988 163
226 960 300 994 Quae
510 962 576 994 Que
794 960 871 993 Quae
1077 955 1155 988 Quae
1363 958 1438 992 Quae

227 1019 313 1039 saera
510 1021 596 1041 saera
794 1020 880 1039 sacra
1077 1004 1159 1033 deest
1363 1017 1449 1036 sacra

226 1059 313 1088 rebus
511 1061 597 1091 rebus
794 1059 882 1088 rebus
1078 1054 1166 1083 rebus
1363 1056 1446 1085 rebn’

104 1112 117 1138 1
124 1113 136 1137 l
141 1110 178 1138 65
225 1112 290 1137 toto
510 1115 575 1139 tota
795 1113 859 1137 tota
1078 1108 1143 1132 toto
1364 1111 1428 1135 toto

512 1160 636 1189 Terram
796 1157 918 1186 Terram
1080 1153 1240 1182 Terrarum
1365 1155 1525 1187 Terrarum

104 1209 179 1241 1167
228 1207 298 1236 Non
312 1208 357 1237 ita
513 1208 677 1238 Nominata
796 1206 961 1236 Nominata
1081 1205 1151 1234 Non
1166 1205 1212 1234 ita
1366 1205 1438 1235 Non
1450 1207 1494 1236 ita

226 1257 343 1286 difficile
359 1262 407 1287 est
512 1259 659 1288 difficilest
795 1255 943 1285 difficilest
1080 1254 1230 1284 difficilffit
1365 1255 1524 1287 diffieile'st
1546 1277 1555 1285 .

226 1307 348 1336 reddere
511 1308 600 1336 redde
796 1304 885 1333 redde
1080 1304 1202 1332 reddere
1366 1305 1488 1334 reddere

104 1356 179 1385 1168
226 1363 257 1385 et
269 1355 346 1385 enim
511 1362 541 1386 et
554 1357 632 1385 enim
795 1358 825 1382 et
839 1354 916 1382 enim
1080 1356 1112 1380 et
1124 1352 1202 1380 enim
1365 1353 1474 1382 etenim

227 1405 325 1435 divom
511 1406 608 1435 divom
795 1402 893 1431 divom
1080 1401 1180 1430 divum
1364 1402 1465 1432 divum

228 1456 309 1486 secla
512 1456 599 1486 saecla
795 1453 883 1482 saecla
1080 1450 1170 1480 saecla
1365 1451 1454 1481 saecla

105 1509 178 1538 1171
228 1505 310 1546 igtur
511 1507 604 1546 igitur
796 1502 888 1542 igitur
1082 1500 1174 1540 igitur
1365 1501 1458 1542 igitur

106 1559 119 1583 1
127 1559 139 1583 1
144 1558 181 1587 73
230 1555 363 1594 preclara

107 1608 120 1633 1
127 1608 140 1632 1
145 1608 162 1636 7
164 1608 181 1632 5
231 1604 479 1643 Suppeditabatur

514 1555 646 1595 preclara
796 1551 937 1590 praeclara
1081 1548 1223 1588 praeclara
1366 1551 1511 1591 praeclara

516 1605 766 1644 Suppeditabatur
798 1600 1048 1640 Suppeditabatur
1084 1599 1335 1639 subpeditabatur
1369 1600 1618 1640 Suppeditabatur

107 1657 121 1682 1
127 1657 140 1682 1
146 1654 183 1686 76
232 1658 331 1683 tamen
514 1659 613 1683 tamen
797 1655 897 1679 tamen
1083 1655 1183 1678 tamen
1367 1655 1467 1680 manet

231 1703 312 1732 deest
515 1703 595 1733 deest
798 1700 879 1729 deest
1082 1699 1163 1728 deest
1367 1705 1399 1731 et

108 1756 183 1785 1177
230 1754 291 1783 ulla
515 1754 566 1783 illa
798 1750 850 1779 illa
1083 1747 1143 1777 ulla
1367 1750 1428 1780 ulla

231 1813 319 1843 posse
516 1803 597 1832 deest
798 1798 878 1828 dee-st
934 1825 939 1827 .
1083 1807 1170 1837 posse
1366 1810 1454 1840 posse

109 1857 122 1882 1
129 1857 184 1885 179
231 1862 406 1893 quemquam
516 1864 681 1893 quenquam
798 1859 963 1887 quenquam
1082 1856 1247 1887 quenquam
1366 1859 1541 1889 quemquam

109 1906 184 1932 1182
232 1902 295 1932 caeli
516 1904 584 1933 caeli
798 1898 866 1927 caefi
1083 1896 1151 1926 ΟΞΠ
1366 1900 1433 1930 coeli

111 1956 122 1981 1
130 1957 142 1981 1
148 1955 184 1981 83
232 1952 330 1982 varias
515 1955 598 1984 vario
799 1948 880 1976 vario
1083 1947 1165 1976 varia
1366 1951 1449 1979 varia

232 2002 302 2032 anni
515 2014 658 2034 annorum
798 2008 939 2026 annorum
1083 2006 1224 2026 annorum
1366 2009 1508 2029 annorum

109 2055 123 2080 1
129 2054 185 2080 184
232 2053 337 2082 fierent
516 2055 618 2084 fierent
798 2047 902 2076 fierent
1083 2047 1169 2075 fieret
1366 2049 1451 2078 fieret

109 2105 124 2130 1
130 2105 143 2129 1
148 2104 184 2132 87
232 2101 361 2140 caeloque
516 2105 645 2143 caeloque
799 2098 928 2137 caeloque
1083 2095 1213 2134 caeloque
1367 2099 1498 2138 coeloque

110 2154 185 2179 1188
233 2151 339 2181 caelum
517 2153 619 2183 caelum
800 2147 902 2177 caelum
1085 2144 1188 2173 caelum
1367 2148 1471 2177 coelum

234 2211 292 2229 nox
517 2213 574 2231 nox
800 2209 859 2228 nox
1084 2205 1139 2223 nos
1370 2197 1419 2226 Sol

234 2250 350 2279 videtur
517 2251 634 2280 videtur
799 2250 916 2279 videtur
1084 2245 1200 2274 videtur
1367 2246 1504 2275 videntur

111 2303 126 2328 1
133 2303 147 2328 1
152 2303 188 2331 89
236 2304 267 2328 et
519 2301 575 2330 erit
799 2299 856 2329 erit
1084 2299 1115 2323 et
1367 2301 1398 2326 et

134 2352 190 2380 190
237 2348 464 2388 Noctivageque
520 2349 748 2389 Noctivageque
801 2349 1029 2387 Noctivag-eque
1086 2342 1321 2382 Noctivagaeque
1369 2345 1606 2385 Noctivagaeque

237 2396 300 2426 caeli
520 2398 583 2427 caeli
801 2399 864 2428 caeli
1084 2392 1148 2422 caeli
1369 2395 1435 2425 coeli

236 2446 407 2485 flammeque
520 2447 704 2486 flammaeque
801 2448 981 2486 flammaeque
1083 2444 1268 2482 flammaeque
1367 2445 1548 2484 flammaeque

117 2501 187 2529 1191
240 2495 352 2525 Nubila
523 2497 648 2526 Nubilia
804 2497 928 2526 Nubilia
1087 2492 1200 2522 Nubila
1369 2495 1483 2524 Nubila

237 2546 282 2576 sol
522 2546 567 2576 sol
804 2548 849 2578 sol
1087 2543 1137 2573 Sol
1369 2545 1432 2574 Ros

238 2595 359 2625 fulmina
523 2596 641 2626 flumina
803 2597 922 2627 flumina
1084 2593 1206 2623 fulmina
1368 2594 1491 2624 fulmina

116 2651 191 2680 1193
237 2645 339 2675 infelix
522 2646 635 2675 infoelix
803 2648 915 2677 infoelix
1086 2643 1202 2673 infoelix
1368 2643 1471 2673 infelix

116 2700 130 2726 1
136 2698 190 2730 196
238 2695 374 2725 Vulnera
524 2694 659 2724 Vulnera
803 2698 938 2727 Vulnera
1087 2693 1220 2722 Volnera
1369 2693 1502 2724 Volnera

238 2746 374 2777 lacrimas
523 2745 659 2774 lam-imas
803 2747 938 2777 lacrimas
1087 2745 1232 2782 lacrymas
1367 2744 1504 2774 lacrimas

237 2794 393 2826 minoribu’
523 2794 681 2824 minon'bus
804 2796 963 2826 minoribus
1086 2793 1246 2823 minoribus
1371 2792 1525 2823 minoribu’

115 2849 130 2874 1
135 2849 190 2878 197
236 2846 298 2876 ulla
523 2846 564 2876 ull
570 2856 588 2875 a
805 2845 866 2875 ulla
892 2850 898 2851 ⁷
1087 2844 1179 2874 ullast
1371 2842 1473 2872 nlla'st

237 2895 367 2926 velatum
381 2898 428 2926 est
523 2893 682 2925 velatumst
805 2894 962 2925 velatumst
1089 2893 1217 2924 velatum
1372 2892 1501 2922 velatum
