1967 3314
345 273 439 312 238
641 262 1090 312 VARIANTES
1136 262 1571 312 LECTIONES

1606 424 1647 444 Ex
1659 423 1806 445 'n'l'oGRA
1813 435 1824 441 -

1582 477 1659 497 ΡΗΙΔ
1675 478 1840 498 socm‘rAn

1623 531 1653 550 m
1658 531 1717 551 Pon
1719 531 1750 552 ¹1¹1
1754 531 1817 552 ΝΒ.

735 445 854 465 PAULcs
870 444 1002 464 FRIDEN‘
1029 444 1219 466 Tutonouus
1234 445 1274 465 DE

485 477 686 498 PERRANDUS.

803 498 938 520 PERGBR.
1035 498 1267 518 RAGAzomnus.

526 603 556 631 B
559 601 652 631 rixiae.
800 601 930 630 Vemnoe.
1087 602 1225 633 Venetiis.

494 690 567 719 sim:
580 691 676 720 Anno.
1115 696 1198 724 1495.

471 790 590 819 corpore
755 788 875 817 corpore
1037 791 1156 820 corpore
1320 782 1435 822 ccipore
1603 792 1723 822 corpore

474 829 529 859 Nu
758 826 844 855 Nihil
1039 829 1125 859 Nihil
1322 829 1375 859 Nil
1604 831 1659 860 Nil

476 879 637 918 Propterea
759 876 909 905 Praeterea
1040 878 1187 909 Praeterea
1323 878 1475 908 Praeterea
1605 879 1767 919 Propterea

473 928 636 968 depondere
756 925 792 953 de
806 924 932 964 pondere
1038 927 1074 956 de
1089 928 1215 968 pondere
1318 926 1358 955 de
1372 927 1499 966 pondere
1602 929 1641 958 de
1655 927 1783 968 pondere

473 977 627 1016 quicquain
756 973 912 1013 quicquam
1038 976 1193 1016 quiequam
1322 975 1479 1014 quicquam
1605 978 1764 1018 quidquam

473 1036 559 1055 sucos
755 1034 842 1053 sucos
1038 1035 1125 1055 sucos
1322 1034 1426 1054 succos
1605 1036 1709 1057 succos

472 1075 625 1114 animeque
756 1073 920 1112 animaeque
1039 1074 1204 1114 animaeque
1322 1073 1484 1114 animaeque
1606 1077 1768 1115 animaeque

472 1135 524 1164 per
537 1135 624 1164 quam
757 1134 808 1163 per
821 1133 909 1163 quam
1039 1134 1091 1162 per
1105 1134 1192 1163 quum
1323 1133 1462 1163 perquam
1606 1135 1745 1166 perquam

473 1175 512 1204 nil
756 1172 830 1202 nihil
1039 1172 1111 1202 nihil
1324 1173 1363 1202 nil
1606 1175 1647 1205 nil

475 1224 548 1254 Haec
759 1222 825 1252 Nec
1042 1223 1108 1253 Nec
1325 1222 1391 1252 Nec
1607 1224 1674 1254 Nec

473 1274 604 1313 putanda
617 1278 663 1303 est
757 1272 889 1312 putanda
903 1278 950 1302 est
1040 1273 1172 1312 putanda
1184 1278 1231 1303 est
1323 1272 1484 1311 putandast
1605 1273 1777 1314 putanda'st

475 1323 576 1353 Mixta
759 1321 861 1351 Mixta
1043 1323 1145 1352 Mixta
1325 1321 1423 1351 Misia
1607 1323 1705 1352 Mista

472 1383 542 1403 aera
756 1381 824 1400 aere
1040 1383 1108 1402 aere
1324 1381 1394 1400 aera
1606 1383 1675 1402 aera

413 1431 424 1437 ·
473 1422 583 1451 mixtus
757 1419 869 1449 mixtus
1041 1423 1150 1452 mixtus
1325 1420 1430 1450 mistus
1607 1423 1712 1452 mistus

472 1481 557 1500 enum
756 1471 833 1500 enim
1041 1472 1119 1501 enim
1325 1469 1402 1499 enim
1607 1471 1684 1501 enim

474 1530 594 1550 necesse
607 1524 655 1549 est
757 1531 878 1550 neccsse
892 1525 939 1549 est
1042 1532 1163 1552 necesse
1176 1527 1223 1552 est
1327 1524 1479 1550 necessest
1607 1520 1770 1551 necesse'st

473 1570 503 1599 in
517 1580 633 1599 cereum
756 1571 787 1600 in
802 1580 918 1600 cereum
1042 1572 1071 1601 in
1086 1581 1201 1602 cereum
1328 1569 1357 1598 in
1371 1574 1478 1598 coetum
1608 1570 1685 1599 inter
1698 1579 1764 1598 eum

474 1619 583 1648 moveri
757 1619 867 1649 moveri
1043 1621 1153 1651 moveri
1329 1619 1437 1648 moveri
1609 1619 1681 1648 cieri

475 1669 564 1698 animi
577 1673 625 1698 est
759 1669 848 1699 animi
861 1673 909 1700 est
1043 1671 1132 1700 animi
1146 1674 1194 1700 est
1329 1668 1420 1698 animi
1433 1673 1480 1698 est
1609 1667 1741 1698 animi'st

475 1719 541 1748 haec
759 1721 815 1749 hee
1044 1721 1099 1750 hec
1330 1718 1396 1747 haec
1610 1718 1677 1748 haec

477 1768 563 1798 Nihil
762 1768 849 1799 Nihil
1046 1770 1132 1800 Nihil
1330 1767 1385 1798 Nil
1613 1767 1667 1797 Nil

475 1818 612 1858 quaedam
759 1819 885 1859 quedam
1044 1819 1181 1859 qnoedam
1329 1817 1465 1857 quaedaru
1611 1816 1743 1856 quaedam

475 1879 541 1908 quae
760 1878 829 1909 quae
1045 1880 1110 1909 quae
1329 1878 1396 1907 qute
1612 1866 1663 1906 qui

476 1917 590 1947 volutat
762 1919 876 1948 volutat
1045 1918 1160 1948 volutat
1330 1917 1445 1946 volutat
1613 1915 1747 1946 volutent

476 1978 598 1998 necesse
612 1971 658 1997 est
761 1971 912 1998 necessest
1046 1971 1197 1997 necessest
1332 1969 1483 1996 necessest
1612 1963 1775 1995 necesse'st

476 2017 667 2048 Attribuatur
762 2018 960 2047 Adtribuatur
1047 2016 1242 2046 Adtribuatur
1331 2015 1514 2045 adtribuatur
1612 2013 1803 2043 Attribuatur

477 2076 513 2095 ea
526 2070 575 2096 est
761 2071 827 2097 east
1046 2070 1113 2095 east
1332 2069 1398 2094 east
1611 2063 1690 2092 ea'st

477 2116 633 2155 quicquam
762 2117 919 2156 quicquam
1046 2115 1204 2154 quicquam
1330 2114 1485 2154 quicquam
1612 2113 1771 2153 quidquam

478 2171 509 2196 et
1330 2168 1361 2192 et
1611 2168 1664 2193 aut

478 2215 592 2245 levibus
1331 2211 1444 2242 levibus
1611 2213 1732 2242 laevibus

478 2264 675 2295 excrementis
763 2264 959 2295 excrementis
1046 2265 1244 2294 excrementis
1331 2271 1367 2290 ex
1381 2261 1534 2291 elementis
1612 2273 1651 2292 ex
1664 2260 1817 2292 elementis

479 2325 547 2354 quae
763 2325 820 2354 que
1045 2324 1104 2353 que
1331 2320 1399 2350 quae
1613 2312 1664 2352 qui

479 2365 574 2396 cietur
765 2365 875 2394 scietur
1048 2365 1142 2394 cietur
1331 2361 1426 2392 cietur
1613 2363 1708 2392 cietur

479 2425 561 2447 caeca
764 2425 835 2445 ceca
1047 2424 1118 2443 ceca
1331 2421 1413 2441 caeca
1613 2423 1691 2443 caeca

479 2468 613 2504 potestas
761 2464 892 2505 poteslas
1046 2467 1181 2502 potestas
1334 2466 1467 2501 potestas
1614 2465 1750 2502 potestas

479 2513 653 2544 Concutitur
666 2517 726 2543 tum
764 2515 938 2545 Concutitur
957 2518 1018 2544 tum
1047 2513 1223 2544 Concutitur
1241 2518 1302 2543 tum
1332 2511 1507 2541 concutitur
1526 2522 1579 2552 per
1615 2511 1693 2540 Tum
1725 2508 1859 2549 quatitur

503 2575 556 2604 per
565 2567 667 2594 sentes
675 2562 734 2593 vis·
788 2575 840 2605 per
850 2568 950 2595 sentes
959 2566 1004 2595 vis
1071 2573 1124 2602 per
1134 2567 1236 2593 sentes
1244 2562 1304 2592 vis·
1361 2571 1451 2592 venas
1467 2562 1581 2591 viscera
1614 2565 1676 2590 tum
1687 2560 1800 2590 viscera
1807 2568 1859 2598 per

507 2623 575 2643 cera
589 2613 653 2643 iunt
791 2624 859 2644 cera
872 2614 936 2645 iunt
1074 2622 1142 2642 cera
1156 2612 1222 2642 vint
1361 2609 1465 2640 vivunt
1633 2609 1799 2640 sentiscunt

480 2663 636 2704 postremis
764 2663 920 2704 postremis
1047 2661 1204 2702 postremis
1333 2659 1489 2701 postremis
1615 2663 1763 2700 postremo
1804 2686 1807 2687 ⁷

480 2711 604 2742 medulis
764 2712 899 2743 medullis
1048 2711 1184 2741 medullis
1334 2710 1470 2740 medullis
1614 2706 1750 2737 medullis

480 2760 543 2790 sire
556 2765 603 2790 est
764 2762 827 2793 sive
840 2766 888 2792 est
1047 2761 1111 2791 sive
1123 2766 1171 2791 est
1334 2761 1428 2792 sivest
1614 2757 1719 2787 sive’st

482 2809 657 2839 Permanere
765 2811 942 2841 Pei-manare
1050 2810 1228 2842 Per-manare
1335 2810 1512 2839 Permanare
1616 2807 1793 2837 Permanere

481 2858 598 2899 quando
764 2861 882 2900 quaudo
904 2872 907 2876 ’
1048 2860 1165 2900 quando
1334 2859 1405 2899 quin
1614 2857 1686 2896 quin

480 2908 560 2941 dees!
765 2909 844 2940 deest
1050 2911 1129 2941 deest
1335 2907 1415 2939 deest
1614 2910 1649 2936 ut
