1967 3314
364 286 463 326 210
660 272 1113 332 VARIANTES
1150 270 1590 334 LECTIONES

1636 445 1677 466 tx
1687 445 1853 467 TYPOGRA-

1609 501 1648 520 tn
1654 500 1687 520 ΧΑ
1704 499 1855 522 socmTAt

1651 554 1845 575 Bu’ou'rlmz.

506 493 708 515 HRBANDUS.

821 516 958 536 renota.
1058 519 1293 541 RAGAzomsz.

1396 622 1533 655 Vmetiis.

1139 717 1225 747 149⁵.
1424 721 1437 747 1
1442 721 1506 748 500.

1346 804 1426 835 deeat

1349 854 1406 884 Sed

1348 915 1424 934 nova

1347 953 1373 983 si

1348 1005 1535 1043 contemptus

1348 1050 1420 1081 odor

1350 1094 1476 1140 smyrnae

1350 1160 1466 1190 cygnea

1351 1199 1426 1229 mele

1351 1249 1532 1289 phoebeaque

1350 1292 1465 1328 daedala

1351 1347 1470 1378 chordis

1353 1397 1482 1438 Nanque

1351 1448 1540 1487 praestantius

1352 1503 1524 1528 exoreretur

1353 1547 1464 1586 parteis

1353 1588 1487 1625 m'eliores

1354 1650 1434 1675 retro
1447 1656 1562 1686 quoque

1354 1696 1460 1728 tetrius

776 812 887 841 pavore
1060 814 1171 844 pavore

780 852 838 881 Sed
1063 852 1122 882 Sed

778 912 855 932 nova
1062 914 1138 934 nova

778 952 806 982 si
1061 952 1089 983 si

493 999 679 1035 contemptus
778 1006 964 1042 contemptus
1062 1005 1249 1041 contemptus

493 1044 564 1074 0d01'
779 1052 886 1084 suodor
1063 1050 1136 1080 odor

493 1104 612 1134 smyrne
778 1112 905 1142 smyrna-2
1063 1110 1189 1140 smyrnae

494 1155 609 1185 cygnea
777 1160 892 1192 cygnea
1064 1160 1179 1192 cygnea

493 1194 580 1224 melle
778 1200 853 1230 meie
1065 1199 1139 1229 mele

493 1240 676 1285 phoebeeque
778 1250 961 1290 phtpbeaque
1065 1249 1247 1289 phoebeaque

492 1294 598 1324 dedala
779 1294 897 1330 daedala‘
1065 1298 1179 1328 daedala

493 1344 590 1374 cordis
778 1349 897 1379 chordis
1065 1347 1183 1378 chordis

495 1393 634 1434 Namque
780 1400 919 1440 Namque
1067 1397 1206 1437 Namque

493 1443 675 1482 prestantius
778 1450 972 1491 praestantius
1065 1447 1259 1487 praestantius

493 1493 657 1523 exoriretur
779 1500 945 1530 exoriretur
1065 1497 1231 1526 exornetur

493 1543 587 1582 partis
779 1550 873 1590 partis
1065 1546 1160 1586 partis

494 1591 623 1620 melioris
780 1599 914 1629 meliores
1067 1596 1201 1626 meliores

494 1645 634 1680 retroque
781 1653 916 1688 retroque
1068 1651 1206 1684 retroque

495 1695 529 1720 ut
539 1690 637 1720 acrius
780 1701 814 1727 ut
827 1698 923 1727 acrius
1067 1700 1102 1724 ut
1120 1693 1220 1724 acrius

1635 1004 1800 1031 contemtus

1635 1049 1708 1080 odor

1637 1100 1772 1145 Myrrhae

1637 1151 1757 1191 Cycuea

1638 1201 1712 1232 mele

1638 1250 1834 1292 Phoebaeaque

1638 1300 1753 1332 daedala

1637 1352 1756 1381 chordis

1639 1400 1779 1440 Namque

1638 1450 1832 1490 proestantius

1638 1506 1808 1531 exoreretur

1639 1549 1751 1590 parteis

1639 1597 1774 1628 meliores

1640 1652 1720 1678 retro
1731 1649 1847 1688 qu'oque

1640 1698 1754 1736 taetrius

1640 1747 1714 1782 Quae

1641 1803 1723 1827 certa

1641 1852 1673 1878 et

1641 1898 1805 1930 necesse'st

1643 1949 1804 1979 Materiam

1640 1997 1732 2028 finitis

1642 2035 1806 2087 hiemisque

1644 2088 1788 2129 Fini‘tu'st

1642 2146 1819 2177 remensu’st

1644 2196 1725 2227 Finit

1642 2252 1798 2286 utrumque

1644 2295 1778 2336 Ancipiti

1643 2357 1780 2376 mucrone

1644 2395 1791 2436 utrimque

1643 2445 1768 2476 flammis

1645 2496 1761 2526 insessa

1644 2545 1727 2576 ducit

1645 2594 1742 2635 cluere

1644 2644 1752 2685 etenim

1644 2705 1709 2724 cum

1645 2743 1806 2773 necesffi'st

1645 2793 1765 2833 probavi

1644 2842 1731 2878 Quod
1747 2843 1883 2882 quoniam

496 1899 617 1918 necesse
630 1894 678 1917 est
782 1901 932 1926 necessest
1067 1898 1219 1924 necessest

497 1938 659 1968 Materiem
783 1945 943 1975 Materiem
1069 1943 1228 1972 Materiem

496 2039 661 2078 hiemisque
781 2045 955 2085 hyemisque
1066 2041 1239 2082 hyemisque

499 2087 630 2118 Finitum
643 2093 692 2119 est
783 2093 944 2124 Finitumst
1069 2090 1231 2122 Finitumst

496 2149 662 2169 remensum
676 2143 725 2169 est
782 2138 978 2173 remensumst
1067 2146 1262 2172 remensumst

497 2188 601 2218 Omnis
783 2192 887 2222 Omnis
1069 2189 1173 2221 Omnis

496 2243 641 2278 utrasque
784 2247 926 2283 utrasque
1069 2245 1210 2281 utrasque

497 2287 633 2328 Ancipiti
783 2293 917 2334 Ancipiti
1070 2290 1204 2330 Ancipiti

497 2347 627 2367 mucroni
783 2343 914 2373 mucroni
1070 2341 1202 2370 mucroni

497 2387 637 2427 utrinque
784 2393 922 2432 utrinque
1070 2389 1208 2430 utrinque

498 2437 622 2467 flammis
785 2442 879 2473 flamis
1070 2439 1166 2469 flamis

498 2487 614 2518 infensa
786 2492 918 2522 insenssa
1070 2487 1202 2519 infenssa

498 2536 581 2567 ducit
785 2541 867 2572 ducit
1071 2540 1154 2571 ducit

499 2580 611 2616 clueret
785 2589 884 2620 eluere
1071 2590 1170 2620 eluere

499 2642 531 2666 et
544 2637 621 2666 enim
786 2640 862 2670 enim
1072 2640 1149 2670 enim

500 2698 565 2716 cum
785 2701 855 2730 qum
1072 2701 1140 2730 qum

500 2747 623 2766 necesse
635 2742 682 2767 est
787 2749 908 2769 necesse
922 2745 968 2769 est
1073 2751 1194 2771 neeesse
1207 2746 1253 2771 est

501 2787 623 2824 probavi
786 2789 908 2829 probam
1072 2791 1193 2830 probam

502 2835 582 2865 deest
787 2838 868 2868 deest
1073 2839 1154 2870 deest

1355 1899 1505 1926 necessest

1356 1945 1516 1975 Materiem

1353 1994 1445 2024 finitis

1353 2043 1526 2084 hyemisque

1354 2093 1471 2124 finitust

1355 2138 1521 2174 remensus't

1355 2194 1460 2224 Omnis

1355 2250 1501 2285 utrunque

1358 2295 1491 2335 Ancipiti

1356 2356 1494 2375 mucrone

1357 2394 1494 2435 utrinque

1357 2443 1482 2474 flammis

1359 2495 1476 2526 insensa

1359 2545 1450 2575 ducat

1359 2594 1457 2625 cluere

1360 2649 1391 2674 et
1403 2644 1480 2675 enim

1360 2705 1426 2724 cum

1361 2749 1512 2775 necessest

1362 2794 1481 2832 probavi

1360 2843 1446 2877 Quod
1460 2843 1596 2883 quoniam

1391 2891 1449 2921 ὣς.

1360 2940 1473 2981 protelo

501 2934 615 2974 protelo
788 2937 904 2977 proceio
1072 2940 1190 2980 procelo

1310 2999 1330 3025 iel
