1967 3314
592 248 802 301 LIBRI
845 246 1086 299 SEXTI.
1491 258 1577 301 381

456 435 575 456 mutus
587 435 723 456 mumm-
750 433 941 454 Tnnononus
956 433 996 452 ms
1334 409 1375 427 EX
1385 410 1548 431 TYPOGRA’

204 466 405 489 FERRANDUS.
520 490 646 510 PERGER
757 486 991 507 RAGUONJBUS·
1106 463 1217 484 Annus.
1306 462 1384 481 PHIA
1401 463 1579 485 sommum-Is

1348 516 1541 537 mrowrmffi.

242 591 372 620 Brixiae.
526 593 656 623 Veron&
806 587 943 617 Venetiis.
1090 587 1230 618 Venetiz's.
1375 587 1509 627 Bipontz'.

207 679 281 709 Sine
293 680 393 708 Amw.
551 684 633 714 1486.
836 679 917 708 1495.
1118 682 1200 708 1500.
1404 679 1486 707 1782.

190 770 270 799 deest
473 771 552 801 deest
757 763 837 793 deest
1042 765 1113 795 item
1325 762 1405 791 deest

191 830 244 849 nos
474 831 526 850 nos
758 823 812 843 nos
1043 825 1116 854 quos
1326 822 1380 841 nos

191 871 269 910 quod
473 871 553 901 deest
758 862 837 892 deest
1043 875 1096 894 nos
1326 873 1404 901 quas

191 919 292 949 fauces
473 921 574 950 fauces
757 912 858 943 fauces
1044 914 1155 944 fauceis
1326 911 1438 942 fauceis

191 969 378 1009 perhibemus
474 970 639 1009 peribemus
758 962 923 1001 peribemus
1044 965 1229 1003 perhibemus
1327 956 1513 1000 ‘perhibemus

191 1018 283 1058 pluris
475 1019 566 1060 pluris
760 1011 851 1051 Pluris
1043 1014 1152 1054 plureis
1328 1011 1436 1050 plureis

191 1078 229 1097 ex
241 1067 369 1097 animum
475 1068 640 1099 exanimum
760 1061 924 1091 exanimum
1043 1064 1210 1093 exanimum
1328 1060 1495 1091 exanimum

187 1118 288 1158 jacere
471 1120 586 1159 jaceret
755 1111 874 1150 jaceret
1037 1115 1139 1154 jacere
1323 1109 1424 1149 jacere

193 1167 325 1197 homines
476 1168 608 1197 homines
760 1160 894 1189 homines
1045 1163 1171 1193 hominis
1329 1160 1455 1190 hominis

193 1217 288 1247 omnis
476 1218 571 1247 omnis
761 1209 854 1239 Omnis
1044 1213 1156 1243 omneis
1330 1209 1441 1239 omneis

193 1266 376 1296 Conveniant
478 1267 660 1296 Conveniant
763 1259 946 1290 Conveniant
1047 1262 1211 1292 Conveniat
1331 1258 1496 1288 Conveniat

193 1316 244 1345 leti
477 1316 528 1345 leti
763 1309 816 1339 leti
1047 1312 1100 1341 leti
1331 1307 1405 1336 lethi

193 1365 332 1403 Namque
479 1365 617 1404 Namque
764 1361 902 1400 Namque
1049 1360 1131 1389 Nam
1145 1371 1240 1400 neque
1333 1356 1412 1386 Nam
1428 1368 1522 1397 neque

192 1424 258 1443 cum
476 1423 542 1442 cum
762 1421 828 1439 cum
1047 1419 1113 1438 eum
1331 1416 1397 1435 eum

192 1474 246 1492 nec
477 1473 530 1492 nec
763 1470 817 1489 nec
1048 1469 1102 1488 nec
1334 1467 1428 1495 neque

193 1512 300 1542 Utrum
477 1511 582 1541 Utrum
765 1510 871 1539 Utrum
1051 1509 1166 1540 Verum
1333 1505 1449 1535 Verum

193 1572 301 1601 genere
314 1561 424 1601 aliquid
476 1571 585 1600 genere
599 1561 710 1601 aliquid
763 1569 871 1598 genere
885 1559 997 1598 aliquid
1049 1559 1164 1599 aliquid
1177 1570 1285 1601 genere
1330 1555 1444 1595 aliquid
1457 1566 1564 1595 genere

194 1611 292 1641 contio
477 1610 575 1639 contio
764 1609 862 1638 contio
1050 1609 1149 1639 contio
1333 1604 1446 1634 Concio

194 1660 265 1689 item
278 1664 326 1689 est
477 1658 534 1688 ites
764 1659 821 1687 ites
1050 1658 1132 1689 dicat
1332 1653 1413 1682 dicat

197 1708 287 1738 Nilus
480 1707 578 1738 Nulus
767 1707 866 1737 Nulus
1050 1708 1139 1739 Nilus
1334 1701 1423 1731 Nilus

196 1762 333 1787 aestatem
478 1762 612 1787 aestatem
765 1761 899 1787 aestatem
1049 1762 1153 1788 aestate
1335 1752 1434 1782 aestafi

195 1807 289 1847 egipti
480 1807 604 1847 AEgypti
768 1806 893 1846 AEgypti
1053 1807 1178 1848 AEgypti
1335 1802 1459 1842 AEgypti

195 1856 328 1895 egiptum
479 1857 641 1896 AEgyptum
767 1857 930 1896 AEgyptum
1051 1856 1217 1896 AEgyptum
1337 1851 1499 1891 AEgyptum

196 1915 330 1945 persaepe
480 1916 609 1946 persaepe
766 1916 901 1946 persaepe
1051 1917 1103 1946 per
1117 1917 1196 1946 saepe
1335 1911 1387 1940 Per
1400 1911 1478 1940 saepe

197 1955 310 1994 quietes
480 1955 595 1994 quietes
767 1955 881 1995 quietes
1053 1966 1111 1996 quo
1124 1956 1225 1986 etesiae
1336 1960 1394 1989 (1¹¹0
1409 1949 1514 1980 EteSia

197 2005 227 2034 in
240 2015 307 2034 esse
481 2012 514 2035 ut
527 2016 595 2036 esse
765 2010 798 2035 ut
811 2016 877 2035 esse
1052 2006 1152 2036 efflare
1336 1998 1428 2028 flabra

196 2064 298 2084 rursus
482 2066 582 2085 rursus
768 2066 869 2085 rursus
1052 2066 1154 2085 rursus
1336 2058 1437 2078 SUFSUS

198 2114 316 2134 manare
483 2117 602 2137 manare
769 2114 888 2134 manare
1053 2115 1172 2135 manere
1337 2108 1455 2127 manere

198 2155 261 2184 haec
483 2157 538 2185 hec
769 2156 832 2184 haec
1051 2154 1117 2185 haec
1338 2148 1400 2176 haec

199 2214 267 2243 quae
484 2216 540 2245 que
770 2214 836 2244 quae
1055 2215 1121 2244 quae
1337 2206 1405 2235 (11¹ae

200 2253 238 2282 ab
483 2256 521 2285 ab
770 2255 807 2283 ab
1052 2254 1090 2283 ab
1337 2258 1356 2276 ³·

201 2302 330 2332 aestifera
486 2306 599 2336 aestifer
612 2317 630 2336 a
772 2303 885 2333 aestifer
899 2312 917 2332 a
1054 2303 1184 2333 aestifera
1337 2295 1466 2326 teSfifesa

202 2355 287 2390 Parte
485 2361 570 2395 parte
771 2357 855 2392 parte
1055 2356 1139 2392 parte
1338 2347 1416 2385 parti

203 2404 336 2439 pei-cotto
486 2415 538 2444 per
551 2408 632 2434 cotto
772 2412 823 2440 per
837 2405 919 2430 cotto
1056 2406 1193 2442 percocto
1338 2401 1531 2436 Percoctaque

203 2450 282 2480 secla
487 2453 567 2483 secla
772 2449 852 2480 secla
1054 2451 1143 2481 saecla
1339 2445 1426 2475 saecla

204 2499 299 2529 colore
487 2502 584 2532 colore
772 2499 869 2529 colore
1055 2502 1151 2531 calore
1338 2493 1434 2524 calore

204 2549 323 2578 harenae
488 2552 605 2581 harenae
774 2550 891 2578 harenae
1056 2561 1152 2580 arenae
1339 2554 1435 2574 ³¹2⁰ae

203 2600 334 2639 oppilare
487 2601 629 2640 oppillare
773 2598 914 2639 oppillare
1057 2600 1187 2639 oppilate
1339 2594 1469 2633 oppilare

204 2659 256 2688 per
273 2654 383 2679 motum
489 2654 651 2689 permotum
774 2653 936 2690 permotum
1058 2653 1219 2688 permotum
1342 2648 1503 2682 permotum

204 2699 343 2728 harenam
488 2700 629 2729 harenam
774 2701 915 2729 harenam
1057 2708 1177 2728 arenam
1342 2703 1460 2723 arenam

205 2749 300 2778 amnis
489 2749 582 2778 amnis
775 2748 869 2777 amnis
1059 2748 1154 2777 amnis
1341 2743 1419 2773 amni

203 2797 340 2838 proclivis
489 2798 624 2838 proclivis
775 2796 911 2836 proclivis
1058 2808 1112 2838 pro
1125 2797 1210 2828 clivis
1342 2794 1488 2834 proclivus

203 2848 300 2887 pluvie
489 2847 595 2887 pluviae
777 2846 886 2887 pluviae
1059 2847 1168 2886 pluviae
1341 2843 1446 2883 pluviae

202 2897 229 2927 ei
488 2897 516 2926 ei
775 2897 804 2926 ei
1059 2897 1123 2936 ejus
1340 2893 1406 2933 ejus
