1967 3314
815 540 1380 593 ANNOTATIONES

636 777 1041 832 RICARDI
1100 778 1556 835 BENTLEII

819 1021 897 1070 IN
931 1021 1374 1073 LUCRETIUM.

943 1288 1246 1302 §Quwmmuw

1000 1329 1100 1361 LIB.
1134 1330 1204 1361 ΙΙΙ.

945 1397 1248 1410 ἋἏἉΜἏἉἊ

543 1628 578 1657 11
606 1622 783 1658 Floriferis
798 1628 838 1657 ut
855 1632 938 1668 apes
954 1622 992 1657 in
1008 1621 1153 1658 saltibus
1170 1621 1287 1657 omnia
1302 1623 1431 1667 limant,

395 1691 518 1723 Libant.

540 1796 584 1822 24
609 1789 681 1824 Res
698 1788 804 1823 animi
820 1799 942 1834 pacem
959 1789 1098 1824 delibrat
1114 1794 1272 1834 tempore
1288 1789 1324 1824 in
1343 1789 1426 1826 ullo.

395 1856 531 1888 Delibat.

540 1961 583 1989 28
610 1954 675 1990 His
691 1954 754 1989 tibi
769 1965 826 1989 me
842 1955 946 1990 rebus
961 1954 1120 2001 quaedam
1137 1954 1254 1990 divina
1268 1955 1429 2003 voluptas

396 2023 466 2055 Lib.
482 2023 531 2054 11.
546 2034 573 2054 v.
590 2027 639 2054 43.

540 2128 583 2156 88
610 2120 745 2165 Sponte
762 2131 825 2155 sua
840 2121 989 2156 volitent
1005 2122 1134 2157 alterno
1149 2121 1283 2167 percita
1298 2129 1396 2158 motu

398 2188 540 2220 AEterno.

541 2293 584 2321 48
609 2286 656 2320 Et
673 2297 710 2321 se
727 2285 816 2320 scire
832 2285 939 2320 animi
954 2292 1126 2329 naturam,
1142 2286 1319 2332 sanguinis
1336 2298 1426 2330 esse,

608 2349 685 2384 Nec
702 2359 862 2394 prorsum
879 2347 1063 2395 quicquam
1079 2356 1208 2385 nostrae
1226 2350 1371 2386 rationis
1388 2362 1504 2397 egere:

611 2411 705 2446 Hinc
722 2411 805 2446 licet
822 2411 982 2447 advertas
1000 2412 1166 2455 animum,
1181 2413 1288 2459 magis
1305 2414 1423 2449 omnia
1440 2413 1563 2457 laudis,

609 2474 686 2509 Aut
702 2474 807 2510 etiam
823 2475 931 2518 venti,
948 2474 977 2510 si
993 2474 1061 2510 fert
1075 2475 1125 2511 ita
1140 2475 1230 2512 forte
1246 2476 1422 2520 voluntas,

394 2551 494 2591 Ordo,

586 2607 633 2638 Et
646 2618 677 2638 se
692 2607 766 2638 sciri
781 2608 879 2638 animi
895 2614 1053 2648 naturam,
1070 2609 1233 2650 sanguinis
1249 2620 1325 2647 esse,

586 2663 657 2692 Aut
671 2663 768 2692 etiam
784 2663 880 2700 venti,
897 2663 921 2693 si
938 2664 998 2693 fert
1013 2664 1055 2694 ita
1071 2663 1150 2694 forte
1165 2663 1323 2703 voluntas,

585 2715 655 2747 Nec
670 2727 814 2756 prorsum
828 2718 998 2759 quicquam
1017 2724 1130 2749 nostrae
1146 2719 1274 2749 rationis
1285 2729 1391 2760 egere:

586 2770 676 2802 Hinc
692 2771 764 2802 licet
777 2772 919 2802 advertas
937 2773 1093 2812 animum,
1112 2774 1214 2814 magis
1229 2774 1337 2804 omnia
1352 2773 1462 2804 laudis.

517 2872 581 2901 133
608 2869 748 2904 Nomen
766 2871 810 2904 ab
827 2871 982 2916 organico
1000 2869 1092 2905 saltu
1109 2870 1265 2905 delatum
1284 2869 1478 2912 Heliconis,

391 2934 490 2977 Lego,
508 2935 684 2977 OrgnniciS.
729 2938 801 2969 Sive
815 2939 858 2970 ait
875 2939 1026 2980 Organici
1043 2939 1091 2969 vel
1108 2939 1219 2969 musici
1235 2949 1305 2970 eam
1321 2949 1429 2971 vocem
1447 2949 1485 2969 ex
1503 2937 1605 2969 Helie
1616 2948 1685 2969 one
1701 2937 1891 2970 domimum.

1086 3003 1105 3027 53
