1967 3314
323 282 418 326 370

348 657 391 687 V.

343 796 402 826 389

341 1876 399 1903 402

339 1976 398 2001 404

340 2025 397 2051 405

339 2173 397 2202 407

340 2222 397 2247 408

340 2271 398 2297 410

340 2320 395 2346 411

339 2370 397 2396 412

340 2521 397 2547 414

339 2619 396 2648 417

339 2718 396 2743 418

340 2816 398 2845 419

339 2865 398 2892 420

613 272 1065 322 VARIANTES
1112 273 1549 324 LECTIONES

461 485 615 506 nalum)
619 486 637 507 U
641 486 662 505 S.

500 612 627 642 Brixiae.

471 699 545 730 Sine
556 700 586 729 A
590 709 654 730 ιιπο.

447 800 562 829 cunque
577 794 624 819 est

448 839 580 869 flammas

449 887 552 918 halent

450 947 518 966 acre

450 986 530 1016 nulla

448 1034 529 1074 turpi

449 1083 584 1113 conscius

450 1133 480 1163 in
492 1143 524 1162 re

448 1181 584 1213 innoxius

448 1231 553 1262 celesti

447 1285 585 1322 coreptus

448 1335 510 1361 tum

448 1384 645 1410 consuescunt

447 1430 540 1460 telum

448 1479 652 1519 perpetiuntur

449 1528 580 1568 Optundi

449 1589 543 1618 neque

449 1627 546 1657 hostis

447 1675 519 1705 caelo

448 1734 616 1754 successere

447 1773 570 1813 ipseque

446 1828 551 1852 aestum

447 1871 511 1902 caeli

447 1921 524 1952 ictus

446 1971 576 2001 natantis

448 2021 609 2061 Propterea

446 2070 471 2099 si
486 2071 550 2100 nuit

445 2119 591 2160 possimus

445 2170 594 2209 opinantis

446 2228 587 2258 queamus

446 2318 512 2348 haec

445 2369 490 2397 At

445 2427 524 2457 saepe
537 2421 585 2447 est

445 2477 567 2498 necesse
575 2470 623 2497 est

445 2517 546 2558 pluere

445 2566 545 2596 imbris

444 2616 552 2647 infesto

444 2665 592 2705 preclaras

445 2715 600 2746 benefacta

445 2764 601 2796 simulacra

447 2813 565 2843 vulnere

446 2862 615 2902 plerumque

446 2911 570 2952 plurima
583 2924 669 2953 quam

710 451 830 472 &muzus
844 449 978 470 FBIDBN·
1002 451 1194 474 Tuzononus
1207 453 1248 473 DE

1008 504 1096 524 uon
1101 505 1242 527 zounms.

777 504 913 525 PERGBR.

786 609 914 639 Veronae.

804 703 886 732 1486.

728 800 843 828 cunque
857 795 905 820 est

730 839 831 868 flamus

731 888 847 918 habent·

730 947 799 967 aere

731 985 812 1015 nulla

730 1035 811 1075 turpi

730 1086 864 1116 conscius

726 1136 795 1176 jure

731 1185 761 1214 in
775 1186 881 1215 noxius

731 1235 847 1265 caelesti

731 1289 884 1325 correptus

731 1344 797 1363 curn

729 1389 925 1414 consuescunt

731 1432 832 1462 caelum

731 1484 847 1523 perpeci
852 1488 938 1513 untur

732 1531 864 1571 Optundi

732 1585 822 1619 atque

732 1631 827 1660 hostis

733 1680 804 1709 caelo

731 1740 901 1759 successore

732 1779 796 1819 ipse

732 1828 857 1858 haestum

731 1877 796 1906 caeli

731 1927 807 1957 ictus

732 1977 862 2006 natantis

733 2025 880 2056 Praeterea

731 2074 822 2104 sinuit

730 2134 884 2163 possumus

729 2173 878 2214 opinantis

731 2234 879 2263 quaeamus

731 2278 831 2313 partes

731 2323 786 2352 hec

733 2371 774 2401 Et

731 2425 832 2461 sepest

731 2474 881 2499 necessest

730 2519 830 2559 pluere

731 2569 832 2599 imbris

730 2618 759 2648 in
773 2618 850 2648 festo

729 2667 878 2708 preclaras

730 2719 802 2748 bene
816 2718 896 2748 sacta

729 2767 906 2798 simulachra

729 2817 847 2847 volvere

729 2867 891 2908 plerunque

729 2917 854 2958 plurima
868 2929 935 2960 que-

1060 609 1196 641 Vmetiie.

1087 702 1169 732 1495.

1010 797 1124 827 cunque
1141 792 1188 819 est

1009 837 1112 867 flamas

1010 887 1122 917 habent

1012 945 1069 965 fiere

1011 983 1092 1013 nulla

1012 1033 1092 1074 turpi

1012 1091 1148 1112 conscius

1007 1132 1076 1172 jure

1013 1181 1044 1210 in
1057 1181 1163 1210 noxius

1013 1230 1125 1261 caelesti

1013 1284 1165 1321 correptus

1012 1341 1078 1360 cum

1012 1383 1209 1410 consuescunt

1013 1431 1118 1462 caelum

1012 1481 1182 1522 perpeciunt
1187 1492 1202 1510 u
1207 1491 1220 1509 r

1013 1530 1152 1571 OptundL

1015 1585 1104 1619 atque

1013 1629 1109 1660 hostis

1013 1680 1085 1710 caelo

1013 1739 1183 1760 successore

1013 1780 1076 1820 ipse

1013 1831 1142 1860 haestum

1013 1879 1080 1908 caeli

1011 1930 1108 1959 ictusa

1012 1979 1142 2008 natantis

1013 2029 1165 2059 Praeterea

1011 2078 1104 2109 sinuit

1011 2139 1167 2169 possumus

1011 2179 1160 2218 opinantis

1011 2238 1164 2268 quaeamus

1012 2282 1112 2318 partes

1013 2327 1080 2356 haec

1015 2376 1057 2406 Et

1013 2429 1113 2465 sepest

1012 2478 1162 2504 necessest

1012 2523 1132 2563 pulvere

1011 2572 1113 2601 imbris

1011 2621 1042 2651 in
1055 2621 1134 2651 festo

1010 2671 1159 2712 preclaras

1011 2722 1084 2751 bene
1097 2721 1176 2751 facta

1011 2771 1189 2802 simulachra

1011 2820 1128 2851 volvere

1012 2871 1180 2910 plerumque

1012 2920 1137 2960 plurima
1149 2930 1217 2961 quat

995 2976 1014 2993 t)

1356 486 1469 508 Annus.

1343 612 1479 643 Venetia

1371 704 1384 730 1
1389 704 1454 731 ⁵00.

1294 798 1438 832 cunqnest

1294 842 1426 871 flammas

1295 890 1398 920 halent

1295 949 1362 969 acre

1296 988 1377 1018 nulla

1296 1038 1377 1078 turpi

1296 1087 1431 1117 conscius

1297 1138 1326 1167 in
1340 1148 1372 1167 re

1298 1187 1434 1218 innoxius

1299 1236 1410 1267 caelesti

1297 1290 1450 1326 correptus

1297 1340 1359 1365 tum

1297 1389 1492 1415 consuescunt

1297 1433 1388 1463 telum

1296 1483 1499 1523 perpetiuntur

1297 1533 1428 1562 obtundi

1296 1591 1396 1620 neque

1297 1628 1410 1659 ho‘steis

1297 1680 1372 1709 caelo
1429 1699 1431 1702 -

1296 1739 1465 1759 successere

1297 1777 1380 1817 ipsus

1296 1834 1400 1858 aestum

1296 1879 1362 1908 caeli

1297 1929 1374 1958 ictus

1297 1977 1445 2008 natanteis

1298 2028 1450 2058 Praeterea

1296 2077 1321 2107 si
1335 2076 1398 2106 vult

1296 2126 1442 2166 possimus

1296 2175 1460 2215 opinanteis

1295 2233 1436 2264 queamus

1297 2427 1407 2462 saepest

1297 2476 1448 2503 necessest

1296 2522 1397 2562 pluere

1296 2571 1414 2602 imbreis

1296 2621 1404 2651 infesto

1297 2672 1454 2712 praeclaras

1295 2721 1450 2751 benefacta

1294 2771 1451 2801 simulacra

1294 2821 1413 2851 volnere

1297 2871 1456 2911 plerunque

1294 2919 1420 2960 plurima
1433 2929 1491 2961 quo

1580 432 1621 452 tx
1636 431 1655 452 ‘1¹
1659 431 1762 452 froca
1766 432 1801 451 Α·

1556 486 1611 506 1³1ss
1614 487 1633 506 A
1649 483 1801 505 socutn‘l·
1805 484 1831 505 18

1599 539 1630 559 111
1633 537 1793 559 towns&

1628 608 1760 650 Bipcmti.

1656 703 1670 728 1
1675 703 1737 732 782.

1578 787 1734 826 cunque'st

1578 836 1709 866 flammas

1578 884 1681 914 halent

1578 944 1646 963 acre

1578 983 1669 1014 nulloe

1579 1034 1675 1073 turpis

1579 1082 1709 1114 conseiu'

1579 1134 1622 1164 rei

1579 1183 1718 1214 innoxius

1580 1234 1693 1264 coelesti

1579 1288 1737 1324 conreptus

1579 1344 1635 1363 con

1578 1381 1745 1412 zmefaciunt

1579 1430 1670 1460 telum

1578 1481 1782 1522 perpetiuntur

1581 1529 1712 1560 Obtundi

1579 1589 1674 1617 neque

1579 1627 1692 1657 hosteis

1580 1676 1654 1706 coelo

1579 1736 1748 1756 successere

1579 1777 1642 1816 ipse

1579 1836 1630 1856 eas
1643 1830 1704 1856 tum

1580 1876 1632 1906 teli

1579 1926 1657 1956 ictus

1579 1975 1728 2005 natanteis

1580 2024 1728 2054 Praeterea

1578 2074 1605 2103 si
1617 2074 1681 2104 vult

1578 2123 1724 2163 possimus

1577 2172 1743 2212 opinanteis

1578 2232 1719 2261 queamus

1579 2271 1689 2311 parteis

1579 2322 1634 2351 hoc

1579 2374 1623 2401 At

1578 2421 1702 2462 saepe'st

1579 2470 1741 2502 uecesse’st

1578 2522 1678 2562 pluere

1579 2571 1697 2601 imbreis

1578 2620 1687 2651 infesto

1578 2670 1737 2710 praeclaras

1579 2720 1653 2749 bene
1664 2719 1744 2749 facta

1578 2769 1735 2799 simulacra

1578 2819 1696 2848 volnere

1579 2868 1747 2909 plerumque

1577 2918 1760 2959 plurimaque
