1967 3314
219 581 300 651 T.
391 581 1042 651 LUCRETIUS
1125 576 1508 645 CARUS.

400 828 706 885 VARIAN
714 827 849 882 TES
890 819 1322 881 LECTIONES

589 1060 788 1108 LIBRI
835 1058 1156 1108 SECUNDI.

761 1301 989 1316 “mmw

497 1524 620 1545 munis
636 1523 773 1545 mumm-
796 1523 989 1544 mutononus
1005 1523 1046 1542 m:
1391 1495 1433 1516 Ex
1442 1495 1609 1517 TYPOGRA-

247 1555 452 1578 FERRANDUS.
562 1580 699 1601 renota.
806 1577 1042 1598 RAGAzomnus.
1151 1554 1265 1575 ALDUS'
1363 1549 1441 1569 mm
1458 1549 1639 1570 sommum

1407 1603 1603 1624 BIPONTINAE.

292 1683 421 1713 Brixiae.
576 1687 706 1718 Veram,
854 1683 994 1714 Venetiis.
1146 1677 1285 1711 VenetiiS.
1434 1675 1569 1718 Bipo‘nti.

136 1729 178 1758 V.
216 1744 492 1752 ———-——
503 1747 777 1755 ——-—
788 1746 1063 1754 ————
1076 1738 1354 1748 —————-·
1366 1736 1642 1742 ——-

258 1775 332 1805 Sine
344 1775 444 1805 Anno.
598 1779 680 1808 1486,
886 1776 970 1808 1495,
1172 1774 1258 1800 1500.
1460 1770 1545 1800 1782·

110 1831 208 1840 ...-
215 1839 493 1846 —-—-
504 1833 781 1846 -.—.-..--
789 1835 1064 1843 ———
1083 1832 1356 1841 ———
1366 1827 1644 1835 *—

169 1869 188 1894 3
235 1866 401 1906 quempiam
414 1869 461 1895 est
520 1866 717 1906 quempiamst
808 1864 1005 1904 quempiamst
1097 1861 1263 1902 quempiast
1387 1857 1596 1898 quenquam'st

231 1916 364 1956 jucunda
516 1917 647 1957 jocunda
805 1914 935 1954 jocunda
1092 1911 1223 1952 jocunda
1379 1910 1512 1951 jucunda

171 1969 190 1993 4
236 1976 328 1996 suave
341 1967 388 1995 est
522 1971 644 1996 suavest
811 1969 933 1994 suavest
1098 1965 1220 1992 suavest
1386 1958 1520 1990 suave’st

172 2019 189 2047 7
237 2016 309 2045 nihil
523 2016 597 2046 nihil
810 2013 884 2043 nihil
1098 2013 1141 2042 nil
1386 2010 1428 2040 nil

236 2067 311 2095 bene
522 2065 597 2094 bone
809 2064 886 2093 bone
1099 2064 1174 2092 bone
1386 2059 1460 2088 bene

153 2117 189 2143 10
236 2114 376 2154 pallantis
523 2115 605 2145 deest
618 2125 724 2145 versus
811 2113 892 2144 deest
904 2123 1011 2144 versus
1099 2111 1228 2152 palantis
1386 2109 1535 2150 palanteis

237 2174 374 2203 querrere
1099 2171 1229 2200 quaerere
1387 2170 1522 2200 quaerere

238 2214 298 2243 vite
1100 2211 1172 2240 vitae
1389 2211 1459 2239 vitae

154 2269 188 2295 11
238 2264 348 2293 Errare
524 2264 635 2294 Errare
814 2263 923 2293 Errare
1101 2261 1223 2290 certare
1389 2260 1512 2289 Certare

155 2318 191 2345 12
239 2313 355 2343 Noctes
525 2314 641 2344 Noctes
814 2314 929 2344 Noctes
1100 2315 1202 2341 noctes
1390 2310 1517 2339 Nocteis

239 2367 390 2402 prestante
523 2369 685 2405 praestaute
812 2368 974 2404 praestante
1100 2365 1262 2402 praestante
1388 2363 1549 2400 praestante

157 2417 193 2443 14
241 2416 355 2441 mentes
525 2420 638 2445 mentes
812 2416 927 2442 mentes
1101 2413 1226 2443 menteis
1389 2410 1514 2440 menteis

156 2467 193 2493 15
241 2462 384 2496 Qualibus
526 2465 668 2499 Qualibet
814 2465 957 2500 Qualibet
1101 2462 1247 2497 Qualibus
1390 2461 1536 2497 Qualibus

157 2514 194 2542 16
240 2522 412 2552 quocunque
425 2516 472 2542 est
527 2515 718 2555 quodcunque
728 2520 775 2546 est
813 2514 1007 2554 quodcunque
1017 2517 1063 2543 est
1102 2512 1295 2552 quodcunque
1305 2516 1352 2542 est
1390 2511 1627 2552 quodcunque’st

241 2560 349 2591 videtis
527 2562 634 2593 videtis
815 2563 922 2593 videtis
1104 2562 1212 2591 videtis
1390 2563 1490 2592 videre

157 2616 194 2646 17
243 2609 329 2639 Nihil
530 2612 617 2642 Nihil
816 2613 902 2643 Nihil
1107 2611 1163 2641 Nil
1392 2613 1447 2643 Nil

243 2660 300 2689 nisi
528 2673 583 2693 nec
814 2675 869 2694 nec
1103 2662 1161 2692 nisi
1390 2664 1448 2693 nisi

243 2711 293 2750 qui
530 2713 581 2752 qui
814 2714 865 2754 qui
1103 2712 1151 2742 cui
1390 2725 1457 2744 cum

155 2764 192 2792 21
241 2771 308 2801 quae
528 2773 586 2801 que
815 2774 872 2803 que
1104 2771 1172 2801 quae
1392 2774 1460 2804 quae

242 2821 356 2850 cunque
529 2822 644 2852 cunque
815 2823 931 2852 cunque
1105 2818 1220 2850 cunque
1392 2825 1538 2854 quemque

156 2862 196 2889 22
244 2860 375 2891 Delitias
532 2862 664 2892 Delicias
818 2863 951 2892 Delicias
1105 2862 1223 2892 delitias
1394 2864 1529 2894 Delicias

158 2913 197 2939 23
243 2910 369 2950 requirit
529 2912 660 2951 requiret
817 2913 948 2952 requiret
1105 2912 1236 2952 requiret
1392 2915 1517 2954 requirit

159 2962 199 2988 24
245 2959 422 2991 simulachra
532 2961 689 2992 simulacra
819 2961 975 2993 simulacra
1105 2961 1262 2993 simulacra
1391 2963 1549 2995 simulacra
