1967 3314
137 619 178 647 V.

247 438 449 463 FERRANDUS.

582 222 801 297 LIBRI
849 220 1171 279 QUARTI.

495 405 616 425 PAULUS
629 404 761 425 FRmEN-
790 404 980 425 THEonosz
995 405 1036 424 DE

559 459 696 479 PERGER.

796 458 1028 478 RAGAZONIBUS.

1143 437 1257 458 ALDUS.

1311 404 1322 423 „x
1372 383 1413 403 Ex
1430 384 1594 408 TYPOGRA..

1327 435 1328 439 ¹
1344 436 1423 456 PHIA
1435 437 1617 462 SOCIETATIS

1532 233 1626 275 :309

1384 491 1578 514 BlPONTINAE.

209 533 1618 544 n———a———ffl——ssss

279 561 410 591 Brixiae.

256 652 330 681 Sine
341 652 440 680 Anno.

570 561 701 590 Veronoe.

590 653 672 681 148&

848 560 987 590 Venetiis.

876 653 959 681 1495.

1130 560 1158 589 V
1155 561 1232 589 eneti
1234 561 1266 592 is.

1156 658 1239 685 1500.

1413 561 1548 602 Bipcmti.

1442 657 1523 686 1782

222 710 1613 722 *st———ssffl

116 755 188 782 1258

116 805 189 834 1259

117 853 187 881 1261

116 902 191 931 1262

118 1002 192 1030 1264

119 1101 192 1129 1265

120 1200 193 1228 1266

118 1348 193 1378 1267

119 1397 192 1428 1269

119 1450 189 1478 1271

118 1499 193 1528 1272

121 1598 195 1627 12744

122 1648 195 1677 1275

123 1795 198 1827 1276

124 1847 198 1876 1277

123 1897 198 1925 1279

124 1947 199 1973 1280

235 742 386 783 permagni

236 793 404 833 plerumque

236 842 342 872 lumbis

240 892 288 921 Ne

237 953 307 982 opes
320 946 390 972 sunt

239 991 380 1021 Clunibus

239 1041 299 1070 leta

239 1096 377 1122 exossato

238 1142 296 1171 ciet

240 1192 333 1232 Ejicit

239 1242 353 1272 sulcum

239 1294 360 1331 viasque

241 1343 380 1372 Vomeris

237 1393 425 1433 gravidaeque

238 1444 312 1473 nihil

240 1494 308 1523 Nec

239 1543 318 1572 deest

239 1593 358 1622 soemina

241 1643 330 1673 moris

241 1703 361 1734 corpore

242 1743 322 1773 culta

243 1802 357 1832 quoque

244 1844 380 1881 superest

244 1891 369 1921 labascit

243 1940 376 1971 cadentis

515 753 566 782 per
579 743 679 783 magni

515 793 627 832 plerum

514 842 635 872 lumbris

517 891 566 920 Ne

515 953 586 982 opes
600 945 669 971 sunt

517 991 668 1021 Cluimbus

516 1041 577 1070 leta

517 1102 554 1121 ex
567 1095 667 1121 essato

518 1145 581 1170 eret

520 1191 612 1231 Ejicit

519 1240 628 1270 sultum

519 1291 638 1330 viatque

520 1340 657 1370 Vometis

517 1390 697 1430 gravidaque

519 1440 593 1470 nihil

522 1490 589 1520 Nec

520 1540 600 1569 deest

520 1588 638 1619 foemina

520 1639 609 1669 moris

519 1699 640 1728 corpore

521 1739 600 1768 culta

522 1790 603 1819 deest

522 1850 610 1880 super
623 1844 670 1870 est

523 1889 648 1919 labescit

522 1940 655 1969 cadentis

797 750 849 779 per
862 739 962 779 magni

797 789 909 828 plerum

797 838 917 868 lumbris

800 889 849 918 Ne

798 950 869 979 opes
882 943 952 969 sunt

800 990 950 1020 Cluimbus

799 1040 860 1069 leta

799 1101 835 1119 ex
851 1094 951 1120 essato

799 1145 862 1170 eret

803 1190 894 1230 Ejicit

800 1240 910 1270 sultum

801 1291 920 1330 viatque

803 1339 940 1369 Vometis

800 1388 980 1428 gravidaque

800 1438 874 1467 nihil

803 1489 870 1518 Nec

802 1541 882 1570 deest

800 1591 920 1620 foemina

802 1640 890 1669 moris

801 1699 922 1729 corpore

802 1738 884 1768 culta

801 1788 881 1818 deest

802 1849 891 1878 super
907 1843 953 1868 est

802 1889 927 1919 labescit

803 1938 937 1968 cadentis

1078 744 1231 784 permagni

1079 793 1240 833 plerunque

1080 843 1186 873 lumbis

1082 893 1149 923 Nec

1081 947 1204 984 prosunt

1082 995 1224 1024 Clunibus

1081 1044 1155 1073 laeta

1081 1097 1220 1124 exossato

1082 1144 1141 1174 ciet

1084 1194 1177 1235 Ejicit

1083 1243 1193 1273 sultam

1084 1293 1190 1332 viaque

1085 1340 1212 1370 volneris

1083 1391 1270 1431 gravidaeque

1084 1440 1125 1470 nil

1083 1700 1203 1729 corpore

1082 1739 1163 1768 culta

1082 1788 1127 1817 vir

1082 1848 1171 1878 super
1183 1842 1231 1867 est

1083 1888 1209 1918 labascit

1083 1939 1234 1968 cadenteis

1087 2054 1098 2081 'x

1363 744 1515 784 permagni

1362 793 1532 834 plerumque

1362 842 1468 873 lumbis

1364 893 1431 923 Nec

1363 943 1431 984 opu'
1444 948 1515 974 sunt

1364 993 1506 1023 Clunibus

1363 1042 1434 1073 laeta

1363 1097 1502 1124 exossato

1364 1143 1423 1173 ciet

1365 1193 1446 1223 Eicit

1365 1243 1440 1272 sulci

1366 1292 1472 1331 viaque

1368 1342 1529 1371 Vomerem

1366 1391 1553 1432 gravidaeque

1366 1440 1407 1469 ml

1365 1546 1413 1571 est

1364 1590 1474 1620 femina

1364 1640 1457 1670 modis

1364 1690 1490 1730 corpori'

1364 1741 1444 1770 cultu

1364 1789 1409 1819 vir

1363 1843 1499 1879 superest

1365 1888 1491 1918 labascit

1364 1938 1516 1968 cadenteis
