<?xml version="1.0" encoding="UTF-8"?>
<!DOCTYPE html PUBLIC "-//W3C//DTD XHTML 1.0 Transitional//EN"
    "http://www.w3.org/TR/xhtml1/DTD/xhtml1-transitional.dtd">
<html xmlns="http://www.w3.org/1999/xhtml" xml:lang="en" lang="en">
 <head>
  <title>
</title>
<meta http-equiv="Content-Type" content="text/html;charset=utf-8" />
  <meta name='ocr-system' content='tesseract 3.04.00' />
  <meta name='ocr-capabilities' content='ocr_page ocr_carea ocr_par ocr_line ocrx_word'/>
</head>
<body>
  <div class='ocr_page' id='page_1' title='image "./tlucretiicarider04lucruoft_0495.png"; bbox 0 0 1967 3314; ppageno 0'>
   <div class='ocr_carea' id='block_1_1' title="bbox 490 220 1657 272">
    <p class='ocr_par' dir='ltr' id='par_1_1' title="bbox 490 220 1657 272">
     <span class='ocr_line' id='line_1_1' title="bbox 490 220 1657 272; baseline -0.004 0"><span class='ocrx_word' id='word_1_1' title='bbox 490 222 831 272; x_wconf 88' lang='lat' dir='ltr'><strong>RICARDI</strong></span> <span class='ocrx_word' id='word_1_2' title='bbox 871 220 1261 270; x_wconf 90' lang='lat' dir='ltr'><strong>BENTLEII.</strong></span> <span class='ocrx_word' id='word_1_3' title='bbox 1562 227 1657 268; x_wconf 83' lang='lat'><strong>455</strong></span> 
     </span>
    </p>
   </div>
   <div class='ocr_carea' id='block_1_2' title="bbox 208 359 306 399">
    <p class='ocr_par' dir='ltr' id='par_1_2' title="bbox 208 359 306 399">
     <span class='ocr_line' id='line_1_2' title="bbox 208 359 306 399; baseline -0.01 -9"><span class='ocrx_word' id='word_1_4' title='bbox 208 359 306 399; x_wconf 82' lang='lat' dir='ltr'><strong>Lege,</strong></span> 
     </span>
    </p>
   </div>
   <div class='ocr_carea' id='block_1_3' title="bbox 379 430 1211 532">
    <p class='ocr_par' dir='ltr' id='par_1_3' title="bbox 379 430 1211 532">
     <span class='ocr_line' id='line_1_3' title="bbox 379 430 1211 471; baseline -0.006 -7"><span class='ocrx_word' id='word_1_5' title='bbox 379 434 424 465; x_wconf 87' lang='lat' dir='ltr'><strong>Ut</strong></span> <span class='ocrx_word' id='word_1_6' title='bbox 439 433 541 464; x_wconf 81' lang='lat' dir='ltr'><strong>Lacus</strong></span> <span class='ocrx_word' id='word_1_7' title='bbox 557 439 603 463; x_wconf 80' lang='lat' dir='ltr'><strong>est</strong></span> <span class='ocrx_word' id='word_1_8' title='bbox 619 433 737 463; x_wconf 88' lang='lat' dir='ltr'><strong>Cumas</strong></span> <span class='ocrx_word' id='word_1_9' title='bbox 751 431 852 471; x_wconf 90' lang='lat' dir='ltr'><strong>apud;</strong></span> <span class='ocrx_word' id='word_1_10' title='bbox 874 431 936 462; x_wconf 88' lang='lat' dir='ltr'><strong>acri</strong></span> <span class='ocrx_word' id='word_1_11' title='bbox 950 430 1071 461; x_wconf 81' lang='lat' dir='ltr'><strong>sulfure</strong></span> <span class='ocrx_word' id='word_1_12' title='bbox 1089 435 1211 460; x_wconf 78' lang='lat' dir='ltr'><strong>montes</strong></span> 
     </span>
     <span class='ocr_line' id='line_1_4' title="bbox 383 489 1104 532; baseline -0.007 -9"><span class='ocrx_word' id='word_1_13' title='bbox 383 492 510 532; x_wconf 85' lang='lat' dir='ltr'><strong>Oppleti</strong></span> <span class='ocrx_word' id='word_1_14' title='bbox 525 492 634 522; x_wconf 87' lang='lat' dir='ltr'>calidis</span> <span class='ocrx_word' id='word_1_15' title='bbox 648 492 704 523; x_wconf 88' lang='lat' dir='ltr'><strong>ubi</strong></span> <span class='ocrx_word' id='word_1_16' title='bbox 718 492 843 522; x_wconf 87' lang='lat' dir='ltr'><strong>fumant</strong></span> <span class='ocrx_word' id='word_1_17' title='bbox 857 490 998 520; x_wconf 86' lang='lat' dir='ltr'><strong>fontibus</strong></span> <span class='ocrx_word' id='word_1_18' title='bbox 1012 489 1104 519; x_wconf 81' lang='lat' dir='ltr'><strong>aucti.</strong></span> 
     </span>
    </p>
   </div>
   <div class='ocr_carea' id='block_1_4' title="bbox 170 560 1662 657">
    <p class='ocr_par' dir='ltr' id='par_1_4' title="bbox 170 560 1662 657">
     <span class='ocr_line' id='line_1_5' title="bbox 212 560 1662 610; baseline -0.008 -9"><span class='ocrx_word' id='word_1_19' title='bbox 212 572 294 607; x_wconf 84' lang='lat' dir='ltr'><strong>Quae</strong></span> <span class='ocrx_word' id='word_1_20' title='bbox 308 577 466 610; x_wconf 83' lang='lat' dir='ltr'><strong>postrema</strong></span> <span class='ocrx_word' id='word_1_21' title='bbox 480 570 520 600; x_wconf 88' lang='lat' dir='ltr'><strong>ad</strong></span> <span class='ocrx_word' id='word_1_22' title='bbox 537 570 655 601; x_wconf 88' lang='lat' dir='ltr'><strong>Cumas</strong></span> <span class='ocrx_word' id='word_1_23' title='bbox 671 575 702 600; x_wconf 84' lang='lat' dir='ltr'><strong>et</strong></span> <span class='ocrx_word' id='word_1_24' title='bbox 718 569 887 600; x_wconf 86' lang='lat' dir='ltr'><strong>Baianium</strong></span> <span class='ocrx_word' id='word_1_25' title='bbox 902 572 1036 598; x_wconf 86' lang='lat' dir='ltr'><strong>tractum</strong></span> <span class='ocrx_word' id='word_1_26' title='bbox 1050 565 1163 601; x_wconf 84' lang='lat' dir='ltr'><strong>refero,</strong></span> <span class='ocrx_word' id='word_1_27' title='bbox 1188 575 1252 595; x_wconf 91' lang='lat' dir='ltr'><strong>non</strong></span> <span class='ocrx_word' id='word_1_28' title='bbox 1277 563 1318 595; x_wconf 86' lang='lat' dir='ltr'><strong>ad</strong></span> <span class='ocrx_word' id='word_1_29' title='bbox 1335 566 1507 594; x_wconf 80' lang='lat' dir='ltr'><strong>Avernum.</strong></span> <span class='ocrx_word' id='word_1_30' title='bbox 1532 562 1570 593; x_wconf 84' lang='lat' dir='ltr'><strong>B.</strong></span> <span class='ocrx_word' id='word_1_31' title='bbox 1592 560 1662 590; x_wconf 75' lang='lat' dir='ltr'><strong>vide</strong></span> 
     </span>
     <span class='ocr_line' id='line_1_6' title="bbox 170 626 387 657; baseline -0.009 0"><span class='ocrx_word' id='word_1_32' title='bbox 170 626 270 657; x_wconf 82' lang='lat' dir='ltr'><strong>Notas</strong></span> <span class='ocrx_word' id='word_1_33' title='bbox 285 626 387 656; x_wconf 85' lang='lat' dir='ltr'><strong>Fabri.</strong></span> 
     </span>
    </p>
   </div>
   <div class='ocr_carea' id='block_1_5' title="bbox 332 723 1275 773">
    <p class='ocr_par' dir='ltr' id='par_1_5' title="bbox 332 723 1275 773">
     <span class='ocr_line' id='line_1_7' title="bbox 332 723 1275 773; baseline -0.006 -10"><span class='ocrx_word' id='word_1_34' title='bbox 332 733 398 763; x_wconf 88' lang='lat'><strong>754</strong></span> <span class='ocrx_word' id='word_1_35' title='bbox 422 728 597 773; x_wconf 61' lang='lat' dir='ltr'><strong>Pervigila}</strong></span> <span class='ocrx_word' id='word_1_36' title='bbox 613 737 729 768; x_wconf 80' lang='lat' dir='ltr'><strong>causa,</strong></span> <span class='ocrx_word' id='word_1_37' title='bbox 747 725 892 760; x_wconf 70' lang='lat' dir='ltr'><strong>Graifim</strong></span> <span class='ocrx_word' id='word_1_38' title='bbox 909 731 949 759; x_wconf 88' lang='lat' dir='ltr'><strong>ut</strong></span> <span class='ocrx_word' id='word_1_39' title='bbox 965 723 1124 759; x_wconf 83' lang='lat' dir='ltr'>cecinere</span> <span class='ocrx_word' id='word_1_40' title='bbox 1141 724 1275 769; x_wconf 65' lang='lat' dir='ltr'><strong>po&#39;etaet</strong></span> 
     </span>
    </p>
   </div>
   <div class='ocr_carea' id='block_1_6' title="bbox 212 808 482 850">
    <p class='ocr_par' dir='ltr' id='par_1_6' title="bbox 212 808 482 850">
     <span class='ocr_line' id='line_1_8' title="bbox 212 808 482 850; baseline -0.007 -10"><span class='ocrx_word' id='word_1_41' title='bbox 212 810 308 850; x_wconf 87' lang='lat' dir='ltr'><strong>Lege,</strong></span> <span class='ocrx_word' id='word_1_42' title='bbox 324 808 482 849; x_wconf 75' lang='lat' dir='ltr'><strong>Pervigili.</strong></span> 
     </span>
    </p>
   </div>
   <div class='ocr_carea' id='block_1_7' title="bbox 333 905 1316 956">
    <p class='ocr_par' dir='ltr' id='par_1_7' title="bbox 333 905 1316 956">
     <span class='ocr_line' id='line_1_9' title="bbox 333 905 1316 956; baseline -0.008 -9"><span class='ocrx_word' id='word_1_43' title='bbox 333 918 399 947; x_wconf 84' lang='lat'><strong>756</strong></span> <span class='ocrx_word' id='word_1_44' title='bbox 424 912 465 947; x_wconf 90' lang='lat' dir='ltr'><strong>In</strong></span> <span class='ocrx_word' id='word_1_45' title='bbox 483 910 581 956; x_wconf 87' lang='lat' dir='ltr'><strong>Syria</strong></span> <span class='ocrx_word' id='word_1_46' title='bbox 597 920 735 956; x_wconf 87' lang='lat' dir='ltr'><strong>quoque</strong></span> <span class='ocrx_word' id='word_1_47' title='bbox 750 908 860 944; x_wconf 79' lang='lat' dir='ltr'><strong>fertur</strong></span> <span class='ocrx_word' id='word_1_48' title='bbox 878 907 964 943; x_wconf 87' lang='lat' dir='ltr'><strong>item</strong></span> <span class='ocrx_word' id='word_1_49' title='bbox 978 907 1078 942; x_wconf 90' lang='lat' dir='ltr'><strong>locus</strong></span> <span class='ocrx_word' id='word_1_50' title='bbox 1095 917 1183 948; x_wconf 89' lang='lat' dir='ltr'><strong>esse,</strong></span> <span class='ocrx_word' id='word_1_51' title='bbox 1199 905 1316 947; x_wconf 66' lang='lat' dir='ltr'><strong>videri,</strong></span> 
     </span>
    </p>
   </div>
   <div class='ocr_carea' id='block_1_8' title="bbox 210 990 666 1034">
    <p class='ocr_par' dir='ltr' id='par_1_8' title="bbox 210 990 666 1034">
     <span class='ocr_line' id='line_1_10' title="bbox 210 990 666 1034; baseline -0.002 -12"><span class='ocrx_word' id='word_1_52' title='bbox 210 991 334 1030; x_wconf 79' lang='lat' dir='ltr'><strong>Videri,</strong></span> <span class='ocrx_word' id='word_1_53' title='bbox 350 992 475 1034; x_wconf 62' lang='lat' dir='ltr'><strong>o‘qoeoeffou,</strong></span> <span class='ocrx_word' id='word_1_54' title='bbox 490 1000 556 1022; x_wconf 89' lang='lat' dir='ltr'><strong>non</strong></span> <span class='ocrx_word' id='word_1_55' title='bbox 571 990 666 1022; x_wconf 71' lang='grc' dir='ltr'><strong>δοκειν.</strong></span> 
     </span>
    </p>
   </div>
   <div class='ocr_carea' id='block_1_9' title="bbox 333 1087 1413 1138">
    <p class='ocr_par' dir='ltr' id='par_1_9' title="bbox 333 1087 1413 1138">
     <span class='ocr_line' id='line_1_11' title="bbox 333 1087 1413 1138; baseline -0.007 -9"><span class='ocrx_word' id='word_1_56' title='bbox 333 1100 398 1129; x_wconf 84' lang='grc'><strong>757</strong></span> <span class='ocrx_word' id='word_1_57' title='bbox 425 1092 680 1138; x_wconf 77' lang='lat' dir='ltr'>Quadrupedes</span> <span class='ocrx_word' id='word_1_58' title='bbox 697 1103 826 1137; x_wconf 81' lang='lat' dir='ltr'><strong>quoque</strong></span> <span class='ocrx_word' id='word_1_59' title='bbox 842 1102 912 1137; x_wconf 92' lang='lat' dir='ltr'><strong>quo</strong></span> <span class='ocrx_word' id='word_1_60' title='bbox 930 1089 1074 1125; x_wconf 84' lang='lat' dir='ltr'><strong>simulac</strong></span> <span class='ocrx_word' id='word_1_61' title='bbox 1091 1087 1236 1133; x_wconf 85' lang='lat' dir='ltr'><strong>vestigia</strong></span> <span class='ocrx_word' id='word_1_62' title='bbox 1252 1087 1413 1132; x_wconf 84' lang='lat' dir='ltr'><strong>primum.</strong></span> 
     </span>
    </p>
   </div>
   <div class='ocr_carea' id='block_1_10' title="bbox 214 1166 1385 1213">
    <p class='ocr_par' dir='ltr' id='par_1_10' title="bbox 214 1166 1385 1213">
     <span class='ocr_line' id='line_1_12' title="bbox 214 1166 1385 1213; baseline -0.007 -9"><span class='ocrx_word' id='word_1_63' title='bbox 214 1174 312 1204; x_wconf 85' lang='lat' dir='ltr'><strong>Recte</strong></span> <span class='ocrx_word' id='word_1_64' title='bbox 326 1173 407 1204; x_wconf 86' lang='lat' dir='ltr'><strong>illud</strong></span> <span class='ocrx_word' id='word_1_65' title='bbox 422 1184 546 1213; x_wconf 79' lang='lat' dir='ltr'><strong>quoque.</strong></span> <span class='ocrx_word' id='word_1_66' title='bbox 596 1173 703 1203; x_wconf 81' lang='lat' dir='ltr'><strong>Antea</strong></span> <span class='ocrx_word' id='word_1_67' title='bbox 716 1181 791 1203; x_wconf 89' lang='lat' dir='ltr'><strong>nam</strong></span> <span class='ocrx_word' id='word_1_68' title='bbox 807 1171 846 1201; x_wconf 85' lang='lat' dir='ltr'><strong>de</strong></span> <span class='ocrx_word' id='word_1_69' title='bbox 862 1170 984 1201; x_wconf 87' lang='lat' dir='ltr'>Avibus</span> <span class='ocrx_word' id='word_1_70' title='bbox 997 1174 1135 1206; x_wconf 82' lang='lat' dir='ltr'><strong>tantum,</strong></span> <span class='ocrx_word' id='word_1_71' title='bbox 1151 1175 1182 1198; x_wconf 83' lang='lat' dir='ltr'><strong>et</strong></span> <span class='ocrx_word' id='word_1_72' title='bbox 1197 1167 1323 1197; x_wconf 83' lang='lat' dir='ltr'><strong>Aornis.</strong></span> <span class='ocrx_word' id='word_1_73' title='bbox 1347 1166 1385 1196; x_wconf 84' lang='lat' dir='ltr'><strong>B.</strong></span> 
     </span>
    </p>
   </div>
   <div class='ocr_carea' id='block_1_11' title="bbox 335 1282 1280 1331">
    <p class='ocr_par' dir='ltr' id='par_1_11' title="bbox 335 1282 1280 1331">
     <span class='ocr_line' id='line_1_13' title="bbox 335 1282 1280 1331; baseline -0.008 -9"><span class='ocrx_word' id='word_1_74' title='bbox 335 1294 401 1323; x_wconf 86' lang='lat'><strong>758</strong></span> <span class='ocrx_word' id='word_1_75' title='bbox 426 1286 629 1328; x_wconf 85' lang='lat' dir='ltr'><strong>Intulerint,</strong></span> <span class='ocrx_word' id='word_1_76' title='bbox 641 1285 789 1331; x_wconf 80' lang='lat' dir='ltr'><strong>graviter</strong></span> <span class='ocrx_word' id='word_1_77' title='bbox 806 1284 857 1320; x_wconf 87' lang='lat' dir='ltr'><strong>vis</strong></span> <span class='ocrx_word' id='word_1_78' title='bbox 874 1290 976 1329; x_wconf 80' lang='lat' dir='ltr'><strong>cogat</strong></span> <span class='ocrx_word' id='word_1_79' title='bbox 993 1282 1179 1318; x_wconf 86' lang='lat' dir='ltr'><strong>concidere</strong></span> <span class='ocrx_word' id='word_1_80' title='bbox 1195 1282 1280 1326; x_wconf 77' lang='lat' dir='ltr'><em>ipsa,</em></span> 
     </span>
    </p>
   </div>
   <div class='ocr_carea' id='block_1_12' title="bbox 214 1368 564 1407">
    <p class='ocr_par' dir='ltr' id='par_1_12' title="bbox 214 1368 564 1407">
     <span class='ocr_line' id='line_1_14' title="bbox 214 1368 564 1407; baseline -0.006 -9"><span class='ocrx_word' id='word_1_81' title='bbox 214 1368 302 1407; x_wconf 84' lang='lat' dir='ltr'><strong>Ipsa3</strong></span> <span class='ocrx_word' id='word_1_82' title='bbox 325 1368 344 1398; x_wconf 91' lang='lat' dir='ltr'><strong>i.</strong></span> <span class='ocrx_word' id='word_1_83' title='bbox 360 1379 385 1398; x_wconf 89' lang='lat' dir='ltr'><strong>e.</strong></span> <span class='ocrx_word' id='word_1_84' title='bbox 408 1369 564 1407; x_wconf 82' lang='lat' dir='ltr'><strong>jumenta.</strong></span> 
     </span>
    </p>
   </div>
   <div class='ocr_carea' id='block_1_13' title="bbox 334 1463 1278 1509">
    <p class='ocr_par' dir='ltr' id='par_1_13' title="bbox 334 1463 1278 1509">
     <span class='ocr_line' id='line_1_15' title="bbox 334 1463 1278 1509; baseline -0.008 -6"><span class='ocrx_word' id='word_1_85' title='bbox 334 1475 399 1504; x_wconf 89' lang='grc'><strong>778</strong></span> <span class='ocrx_word' id='word_1_86' title='bbox 425 1467 609 1502; x_wconf 81' lang='lat' dir='ltr'><strong>Insinuant</strong></span> <span class='ocrx_word' id='word_1_87' title='bbox 625 1464 739 1500; x_wconf 84' lang='lat' dir='ltr'><strong>nareis</strong></span> <span class='ocrx_word' id='word_1_88' title='bbox 754 1463 882 1499; x_wconf 87' lang='lat' dir='ltr'><strong>infesta</strong></span> <span class='ocrx_word' id='word_1_89' title='bbox 898 1470 1002 1509; x_wconf 85' lang='lat' dir='ltr'><strong>atque</strong></span> <span class='ocrx_word' id='word_1_90' title='bbox 1020 1474 1142 1509; x_wconf 87' lang='lat' dir='ltr'><strong>aspera</strong></span> <span class='ocrx_word' id='word_1_91' title='bbox 1158 1463 1278 1496; x_wconf 79' lang='lat' dir='ltr'><strong>odore:</strong></span> 
     </span>
    </p>
   </div>
   <div class='ocr_carea' id='block_1_14' title="bbox 212 1537 1664 1584">
    <p class='ocr_par' dir='ltr' id='par_1_14' title="bbox 212 1537 1664 1584">
     <span class='ocr_line' id='line_1_16' title="bbox 212 1537 1664 1584; baseline -0.009 -4"><span class='ocrx_word' id='word_1_92' title='bbox 212 1550 251 1581; x_wconf 91' lang='lat' dir='ltr'><strong>O.</strong></span> <span class='ocrx_word' id='word_1_93' title='bbox 277 1548 374 1579; x_wconf 85' lang='lat' dir='ltr'>MSS.</span> <span class='ocrx_word' id='word_1_94' title='bbox 397 1553 497 1584; x_wconf 75' lang='lat' dir='ltr'><strong>tactu3</strong></span> <span class='ocrx_word' id='word_1_95' title='bbox 521 1545 700 1576; x_wconf 80' lang='lat' dir='ltr'><strong>rectissime.</strong></span> <span class='ocrx_word' id='word_1_96' title='bbox 726 1545 764 1574; x_wconf 88' lang='lat' dir='ltr'><strong>B.</strong></span> <span class='ocrx_word' id='word_1_97' title='bbox 788 1543 858 1573; x_wconf 81' lang='lat' dir='ltr'><strong>vide</strong></span> <span class='ocrx_word' id='word_1_98' title='bbox 881 1553 908 1572; x_wconf 78' lang='lat' dir='ltr'><strong>v.</strong></span> <span class='ocrx_word' id='word_1_99' title='bbox 932 1546 1022 1572; x_wconf 83' lang='lat'>1148.</span> <span class='ocrx_word' id='word_1_100' title='bbox 1070 1540 1178 1582; x_wconf 78' lang='lat' dir='ltr'><strong>Siquid</strong></span> <span class='ocrx_word' id='word_1_101' title='bbox 1204 1538 1405 1575; x_wconf 77' lang='lat' dir='ltr'><strong>mutandum,</strong></span> <span class='ocrx_word' id='word_1_102' title='bbox 1430 1537 1539 1569; x_wconf 79' lang='lat' dir='ltr'><strong>malim</strong></span> <span class='ocrx_word' id='word_1_103' title='bbox 1563 1545 1664 1574; x_wconf 68' lang='lat' dir='ltr'><strong>semu,</strong></span> 
     </span>
    </p>
   </div>
   <div class='ocr_carea' id='block_1_15' title="bbox 171 1605 381 1645">
    <p class='ocr_par' dir='ltr' id='par_1_15' title="bbox 171 1605 381 1645">
     <span class='ocr_line' id='line_1_17' title="bbox 171 1605 381 1645; baseline -0.01 -11"><span class='ocrx_word' id='word_1_104' title='bbox 171 1614 266 1645; x_wconf 85' lang='lat' dir='ltr'><strong>quam</strong></span> <span class='ocrx_word' id='word_1_105' title='bbox 283 1605 381 1634; x_wconf 82' lang='lat' dir='ltr'><strong>odore.</strong></span> 
     </span>
    </p>
   </div>
   <div class='ocr_carea' id='block_1_16' title="bbox 336 1695 1327 1749">
    <p class='ocr_par' dir='ltr' id='par_1_16' title="bbox 336 1695 1327 1749">
     <span class='ocr_line' id='line_1_18' title="bbox 336 1695 1327 1749; baseline -0.009 -10"><span class='ocrx_word' id='word_1_106' title='bbox 336 1711 404 1740; x_wconf 86' lang='lat'><strong>790</strong></span> <span class='ocrx_word' id='word_1_107' title='bbox 429 1703 536 1749; x_wconf 78' lang='lat' dir='ltr'><strong>Quod</strong></span> <span class='ocrx_word' id='word_1_108' title='bbox 552 1700 719 1748; x_wconf 84' lang='lat' dir='ltr'><strong>permista</strong></span> <span class='ocrx_word' id='word_1_109' title='bbox 731 1702 820 1746; x_wconf 83' lang='lat' dir='ltr'><strong>gerit</strong></span> <span class='ocrx_word' id='word_1_110' title='bbox 835 1698 953 1742; x_wconf 86' lang='lat' dir='ltr'><strong>tellus,</strong></span> <span class='ocrx_word' id='word_1_111' title='bbox 970 1698 1189 1743; x_wconf 84' lang='lat' dir='ltr'><strong>discretaque</strong></span> <span class='ocrx_word' id='word_1_112' title='bbox 1205 1695 1327 1731; x_wconf 81' lang='lat' dir='ltr'><strong>tradit:</strong></span> 
     </span>
    </p>
   </div>
   <div class='ocr_carea' id='block_1_17' title="bbox 218 1785 393 1827">
    <p class='ocr_par' dir='ltr' id='par_1_17' title="bbox 218 1785 393 1827">
     <span class='ocr_line' id='line_1_19' title="bbox 218 1785 393 1827; baseline -0.017 -8"><span class='ocrx_word' id='word_1_113' title='bbox 218 1788 274 1819; x_wconf 82' lang='lat' dir='ltr'><strong>Fo.</strong></span> <span class='ocrx_word' id='word_1_114' title='bbox 297 1785 393 1827; x_wconf 87' lang='lat' dir='ltr'><strong>genit.</strong></span> 
     </span>
    </p>
   </div>
   <div class='ocr_carea' id='block_1_18' title="bbox 335 1877 1381 1930">
    <p class='ocr_par' dir='ltr' id='par_1_18' title="bbox 335 1877 1381 1930">
     <span class='ocr_line' id='line_1_20' title="bbox 335 1877 1381 1930; baseline -0.009 -9"><span class='ocrx_word' id='word_1_115' title='bbox 335 1893 398 1922; x_wconf 89' lang='lat'><strong>791</strong></span> <span class='ocrx_word' id='word_1_116' title='bbox 425 1886 718 1930; x_wconf 86' lang='lat' dir='ltr'><strong>Nocturnumque</strong></span> <span class='ocrx_word' id='word_1_117' title='bbox 734 1893 856 1918; x_wconf 89' lang='lat' dir='ltr'><strong>recens</strong></span> <span class='ocrx_word' id='word_1_118' title='bbox 874 1881 1068 1916; x_wconf 81' lang='lat' dir='ltr'><strong>extinctum</strong></span> <span class='ocrx_word' id='word_1_119' title='bbox 1085 1880 1216 1923; x_wconf 88' lang='lat' dir='ltr'><strong>lumen,</strong></span> <span class='ocrx_word' id='word_1_120' title='bbox 1232 1878 1292 1913; x_wconf 91' lang='lat' dir='ltr'><strong>ubi</strong></span> <span class='ocrx_word' id='word_1_121' title='bbox 1309 1877 1381 1913; x_wconf 81' lang='lat' dir='ltr'><strong>acri</strong></span> 
     </span>
    </p>
   </div>
   <div class='ocr_carea' id='block_1_19' title="bbox 214 1966 494 1998">
    <p class='ocr_par' dir='ltr' id='par_1_19' title="bbox 214 1966 494 1998">
     <span class='ocr_line' id='line_1_21' title="bbox 214 1966 494 1998; baseline -0.011 0"><span class='ocrx_word' id='word_1_122' title='bbox 214 1967 297 1998; x_wconf 88' lang='lat' dir='ltr'><strong>Vide</strong></span> <span class='ocrx_word' id='word_1_123' title='bbox 313 1973 376 1998; x_wconf 82' lang='lat' dir='ltr'><strong>not.</strong></span> <span class='ocrx_word' id='word_1_124' title='bbox 392 1966 494 1997; x_wconf 83' lang='lat' dir='ltr'><strong>Fabri.</strong></span> 
     </span>
    </p>
   </div>
   <div class='ocr_carea' id='block_1_20' title="bbox 335 2062 1230 2112">
    <p class='ocr_par' dir='ltr' id='par_1_20' title="bbox 335 2062 1230 2112">
     <span class='ocr_line' id='line_1_22' title="bbox 335 2062 1230 2112; baseline -0.007 -9"><span class='ocrx_word' id='word_1_125' title='bbox 335 2075 402 2103; x_wconf 80' lang='lat'><strong>843</strong></span> <span class='ocrx_word' id='word_1_126' title='bbox 428 2069 511 2112; x_wconf 81' lang='lat' dir='ltr'><strong>Quo</strong></span> <span class='ocrx_word' id='word_1_127' title='bbox 527 2066 636 2112; x_wconf 83' lang='lat' dir='ltr'><strong>magis</strong></span> <span class='ocrx_word' id='word_1_128' title='bbox 651 2072 705 2101; x_wconf 86' lang='lat' dir='ltr'><strong>est</strong></span> <span class='ocrx_word' id='word_1_129' title='bbox 722 2065 827 2111; x_wconf 84' lang='lat' dir='ltr'><strong>igitur</strong></span> <span class='ocrx_word' id='word_1_130' title='bbox 842 2064 948 2100; x_wconf 85' lang='lat' dir='ltr'><strong>tellus</strong></span> <span class='ocrx_word' id='word_1_131' title='bbox 963 2063 1084 2110; x_wconf 64' lang='lat' dir='ltr'><strong>qffecta</strong></span> <span class='ocrx_word' id='word_1_132' title='bbox 1100 2062 1230 2104; x_wconf 78' lang='lat' dir='ltr'><strong>calore,</strong></span> 
     </span>
    </p>
   </div>
   <div class='ocr_carea' id='block_1_21' title="bbox 216 2149 423 2182">
    <p class='ocr_par' dir='ltr' id='par_1_21' title="bbox 216 2149 423 2182">
     <span class='ocr_line' id='line_1_23' title="bbox 216 2149 423 2182; baseline -0.014 0"><span class='ocrx_word' id='word_1_133' title='bbox 216 2152 269 2182; x_wconf 83' lang='lat' dir='ltr'><strong>Fo.</strong></span> <span class='ocrx_word' id='word_1_134' title='bbox 291 2149 423 2180; x_wconf 83' lang='lat' dir='ltr'><strong>defecta.</strong></span> 
     </span>
    </p>
   </div>
   <div class='ocr_carea' id='block_1_22' title="bbox 336 2243 1283 2294">
    <p class='ocr_par' dir='ltr' id='par_1_22' title="bbox 336 2243 1283 2294">
     <span class='ocr_line' id='line_1_24' title="bbox 336 2243 1283 2294; baseline -0.008 -9"><span class='ocrx_word' id='word_1_135' title='bbox 336 2258 401 2285; x_wconf 83' lang='lat'><strong>848</strong></span> <span class='ocrx_word' id='word_1_136' title='bbox 429 2251 495 2284; x_wconf 79' lang='lat' dir='ltr'><strong>Est</strong></span> <span class='ocrx_word' id='word_1_137' title='bbox 511 2249 604 2294; x_wconf 85' lang='lat' dir='ltr'><strong>apud</strong></span> <span class='ocrx_word' id='word_1_138' title='bbox 621 2246 807 2283; x_wconf 87' lang='lat' dir='ltr'><strong>Ammonis</strong></span> <span class='ocrx_word' id='word_1_139' title='bbox 821 2246 940 2281; x_wconf 81' lang='lat' dir='ltr'><strong>fanum</strong></span> <span class='ocrx_word' id='word_1_140' title='bbox 956 2245 1036 2280; x_wconf 88' lang='lat' dir='ltr'><strong>fons</strong></span> <span class='ocrx_word' id='word_1_141' title='bbox 1052 2244 1131 2279; x_wconf 87' lang='lat' dir='ltr'><strong>luce</strong></span> <span class='ocrx_word' id='word_1_142' title='bbox 1148 2243 1283 2278; x_wconf 71' lang='lat' dir='ltr'><strong>diurna,</strong></span> 
     </span>
    </p>
   </div>
   <div class='ocr_carea' id='block_1_23' title="bbox 218 2328 623 2370">
    <p class='ocr_par' dir='ltr' id='par_1_23' title="bbox 218 2328 623 2370">
     <span class='ocr_line' id='line_1_25' title="bbox 218 2328 623 2370; baseline -0.015 -6"><span class='ocrx_word' id='word_1_143' title='bbox 218 2335 257 2370; x_wconf 82' lang='lat' dir='ltr'><strong>Q.</strong></span> <span class='ocrx_word' id='word_1_144' title='bbox 273 2332 370 2363; x_wconf 89' lang='lat' dir='ltr'>MSS.</span> <span class='ocrx_word' id='word_1_145' title='bbox 387 2331 480 2367; x_wconf 79' lang='lat' dir='ltr'><strong>Esse3</strong></span> <span class='ocrx_word' id='word_1_146' title='bbox 501 2328 623 2359; x_wconf 77' lang='lat' dir='ltr'><strong>melius.</strong></span> 
     </span>
    </p>
   </div>
   <div class='ocr_carea' id='block_1_24' title="bbox 337 2422 1347 2476">
    <p class='ocr_par' dir='ltr' id='par_1_24' title="bbox 337 2422 1347 2476">
     <span class='ocr_line' id='line_1_26' title="bbox 337 2422 1347 2476; baseline -0.008 -9"><span class='ocrx_word' id='word_1_147' title='bbox 337 2439 401 2468; x_wconf 84' lang='lat'><strong>858</strong></span> <span class='ocrx_word' id='word_1_148' title='bbox 428 2432 646 2476; x_wconf 86' lang='lat' dir='ltr'><strong>Percoquere</strong></span> <span class='ocrx_word' id='word_1_149' title='bbox 663 2428 860 2471; x_wconf 86' lang='lat' dir='ltr'><strong>humorem,</strong></span> <span class='ocrx_word' id='word_1_150' title='bbox 878 2434 914 2462; x_wconf 86' lang='lat' dir='ltr'><strong>et</strong></span> <span class='ocrx_word' id='word_1_151' title='bbox 931 2426 1046 2463; x_wconf 84' lang='lat' dir='ltr'><strong>calido</strong></span> <span class='ocrx_word' id='word_1_152' title='bbox 1062 2428 1188 2461; x_wconf 59' lang='lat' dir='ltr'><strong>sociare</strong></span> <span class='ocrx_word' id='word_1_153' title='bbox 1204 2426 1321 2471; x_wconf 78' lang='lat' dir='ltr'><strong>vapori</strong></span> <span class='ocrx_word' id='word_1_154' title='bbox 1326 2422 1347 2458; x_wconf 59' lang='grc' dir='ltr'>ἕ</span> 
     </span>
    </p>
   </div>
   <div class='ocr_carea' id='block_1_25' title="bbox 216 2510 647 2551">
    <p class='ocr_par' dir='ltr' id='par_1_25' title="bbox 216 2510 647 2551">
     <span class='ocr_line' id='line_1_27' title="bbox 216 2510 647 2551; baseline -0.012 -6"><span class='ocrx_word' id='word_1_155' title='bbox 216 2516 255 2551; x_wconf 78' lang='lat' dir='ltr'><strong>Q.</strong></span> <span class='ocrx_word' id='word_1_156' title='bbox 273 2513 372 2545; x_wconf 85' lang='lat' dir='ltr'><strong>Codd.</strong></span> <span class='ocrx_word' id='word_1_157' title='bbox 387 2513 499 2543; x_wconf 79' lang='lat' dir='ltr'><strong>satiare</strong></span> <span class='ocrx_word' id='word_1_158' title='bbox 515 2510 647 2551; x_wconf 83' lang='lat' dir='ltr'><strong>vapore?</strong></span> 
     </span>
    </p>
   </div>
   <div class='ocr_carea' id='block_1_26' title="bbox 338 2608 1214 2658">
    <p class='ocr_par' dir='ltr' id='par_1_26' title="bbox 338 2608 1214 2658">
     <span class='ocr_line' id='line_1_28' title="bbox 338 2608 1214 2658; baseline -0.008 -9"><span class='ocrx_word' id='word_1_159' title='bbox 338 2621 405 2649; x_wconf 86' lang='lat'><strong>865</strong></span> <span class='ocrx_word' id='word_1_160' title='bbox 431 2612 620 2658; x_wconf 86' lang='lat' dir='ltr'><strong>Extemplo</strong></span> <span class='ocrx_word' id='word_1_161' title='bbox 636 2611 748 2646; x_wconf 78' lang='lat' dir='ltr'><strong>subtus</strong></span> <span class='ocrx_word' id='word_1_162' title='bbox 763 2610 916 2657; x_wconf 83' lang='lat' dir='ltr'><strong>frigescit</strong></span> <span class='ocrx_word' id='word_1_163' title='bbox 932 2616 1039 2652; x_wconf 80' lang='lat' dir='ltr'><strong>terta,</strong></span> <span class='ocrx_word' id='word_1_164' title='bbox 1061 2608 1214 2654; x_wconf 86' lang='lat' dir='ltr'><strong>coitque.</strong></span> 
     </span>
    </p>
   </div>
   <div class='ocr_carea' id='block_1_27' title="bbox 216 2684 1482 2734">
    <p class='ocr_par' dir='ltr' id='par_1_27' title="bbox 216 2684 1482 2734">
     <span class='ocr_line' id='line_1_29' title="bbox 216 2684 1482 2734; baseline -0.009 -8"><span class='ocrx_word' id='word_1_165' title='bbox 216 2695 304 2733; x_wconf 82' lang='lat' dir='ltr'><strong>Quid</strong></span> <span class='ocrx_word' id='word_1_166' title='bbox 318 2695 342 2725; x_wconf 83' lang='lat' dir='ltr'><strong>si</strong></span> <span class='ocrx_word' id='word_1_167' title='bbox 356 2693 521 2734; x_wconf 79' lang='lat' dir='ltr'><strong>superam?</strong></span> <span class='ocrx_word' id='word_1_168' title='bbox 551 2702 638 2730; x_wconf 88' lang='lat' dir='ltr'><strong>nam,</strong></span> <span class='ocrx_word' id='word_1_169' title='bbox 654 2690 832 2731; x_wconf 83' lang='lat' dir='ltr'><strong>superficies</strong></span> <span class='ocrx_word' id='word_1_170' title='bbox 846 2696 936 2721; x_wconf 83' lang='lat' dir='ltr'><strong>terrae</strong></span> <span class='ocrx_word' id='word_1_171' title='bbox 950 2688 1097 2730; x_wconf 84' lang='lat' dir='ltr'><strong>frigescit.</strong></span> <span class='ocrx_word' id='word_1_172' title='bbox 1143 2687 1198 2717; x_wconf 87' lang='lat' dir='ltr'><strong>An</strong></span> <span class='ocrx_word' id='word_1_173' title='bbox 1213 2686 1318 2717; x_wconf 81' lang='lat' dir='ltr'><strong>subter</strong></span> <span class='ocrx_word' id='word_1_174' title='bbox 1333 2684 1482 2719; x_wconf 70' lang='lat' dir='ltr'><strong>umbras?</strong></span> 
     </span>
    </p>
   </div>
   <div class='ocr_carea' id='block_1_28' title="bbox 336 2788 1234 2841">
    <p class='ocr_par' dir='ltr' id='par_1_28' title="bbox 336 2788 1234 2841">
     <span class='ocr_line' id='line_1_30' title="bbox 336 2788 1234 2841; baseline -0.009 -10"><span class='ocrx_word' id='word_1_175' title='bbox 336 2803 402 2832; x_wconf 89' lang='lat'><strong>916</strong></span> <span class='ocrx_word' id='word_1_176' title='bbox 427 2794 638 2841; x_wconf 83' lang='lat' dir='ltr'><strong>Usqueadeo</strong></span> <span class='ocrx_word' id='word_1_177' title='bbox 655 2798 903 2840; x_wconf 77' lang='lat' dir='ltr'><strong>permananter</strong></span> <span class='ocrx_word' id='word_1_178' title='bbox 915 2791 968 2828; x_wconf 83' lang='lat' dir='ltr'><strong>vis</strong></span> <span class='ocrx_word' id='word_1_179' title='bbox 979 2790 1133 2840; x_wconf 77' lang='lat' dir='ltr'><strong>pervalet</strong></span> <span class='ocrx_word' id='word_1_180' title='bbox 1149 2788 1234 2834; x_wconf 83' lang='lat' dir='ltr'><strong>ejus.</strong></span> 
     </span>
    </p>
   </div>
   <div class='ocr_carea' id='block_1_29' title="bbox 217 2876 641 2918">
    <p class='ocr_par' dir='ltr' id='par_1_29' title="bbox 217 2876 641 2918">
     <span class='ocr_line' id='line_1_31' title="bbox 217 2876 641 2918; baseline -0.009 -10"><span class='ocrx_word' id='word_1_181' title='bbox 217 2878 316 2918; x_wconf 79' lang='lat' dir='ltr'><strong>Lego,</strong></span> <span class='ocrx_word' id='word_1_182' title='bbox 333 2876 480 2918; x_wconf 77' lang='lat' dir='ltr'><strong>pervelat.</strong></span> <span class='ocrx_word' id='word_1_183' title='bbox 505 2886 532 2906; x_wconf 85' lang='lat' dir='ltr'><strong>v.</strong></span> <span class='ocrx_word' id='word_1_184' title='bbox 552 2877 641 2907; x_wconf 85' lang='lat'>1058.</span> 
     </span>
    </p>
   </div>
  </div>
 </body>
</html>
