1967 3314
424 223 773 273 RICARDI
821 220 1207 271 BENTLEII.
1475 226 1563 266 451

238 366 302 394 139
328 358 409 401 Hic,
425 357 485 393 ubi
501 356 615 393 lenior
631 355 749 399 est,'in
765 362 858 391 terra
873 367 953 390 cum
970 361 1087 390 tamen
1105 355 1175 390 alta

328 421 474 456 Arbusta
489 421 655 458 evolvens
670 419 845 455 radicibus
861 419 978 455 haurit
994 420 1038 454 ab
1055 418 1145 454 imis.

117 496 144 526 Ι.
159 505 185 525 e.
202 494 265 526 alta
280 496 414 526 arbusta.
430 495 468 526 Β.

236 613 300 641 182
325 607 414 641 Inde
431 618 539 641 sonus
554 605 725 652 sequitur,
741 607 800 652 qui
817 605 950 640 tardius
966 604 1079 638 adlicit
1095 602 1221 646 aureis,

114 681 216 719 ΜειΙο,
231 681 327 722 quia3
347 680 406 716 vel,
422 680 515 721 quod.
532 681 571 710 B.
588 690 615 709 v.
635 682 704 710 164.
738 679 783 709 Et
797 679 878 720 lege,
894 677 1009 709 adficit.

238 809 301 837 190
325 801 401 836 Aut
416 801 476 835 ubi
487 814 554 847 per
573 811 717 846 magnos
733 799 884 835 monteis
901 797 1226 835 cumulatarvidebis

115 875 180 909 An,
204 874 281 906 ceu?

236 994 296 1022 191
326 988 473 1033 Insuper
489 998 566 1022 esse
582 985 658 1022 aliis
674 985 754 1029 alia,
771 991 875 1032 atque
891 996 1014 1032 urgere
1029 997 1177 1031 superna

114 1060 191 1101 Leg.
208 1060 351 1100 superne.
367 1061 405 1092 B.

236 1180 304 1207 210
327 1173 444 1207 Hasce
460 1171 564 1218 igitur
580 1184 660 1207 cum
676 1178 802 1207 ventus
819 1183 924 1217 agens
947 1173 1106 1206 contrusit
1124 1172 1158 1205 in
1175 1183 1287 1213 unum,

116 1246 217 1277 Ordo:
245 1246 397 1277 contrusit
411 1246 651 1287 compressitque
666 1247 699 1277 in
714 1257 816 1277 unum
830 1246 935 1276 locum
950 1246 988 1276 B.

237 1374 302 1401 228
329 1365 471 1401 Clamor
487 1366 551 1408 uti,
568 1378 608 1400 ac
625 1377 743 1401 voces:
772 1364 897 1400 transit
912 1376 974 1410 per
991 1376 1087 1405 saxa,
1102 1374 1165 1409 per
1181 1373 1265 1396 aera:

115 1439 235 1470 Versus
248 1439 385 1478 spurius:
401 1437 567 1478 Tautolog.
582 1448 646 1468 «ετ-α
662 1443 693 1468 et
707 1449 761 1475 aes,
776 1448 849 1468 saxa
865 1441 896 1466 et
909 1442 1003 1476 septa.

238 1553 306 1582 232
331 1545 519 1588 conlaxat,
534 1556 680 1592 rareque
695 1544 780 1580 facit
795 1543 1002 1580 lateramina
1021 1544 1117 1586 vasis,

119 1622 158 1653 O.
176 1621 273 1652 MSS.
290 1619 378 1656 Vasi‚
389 1618 487 1659 probe
502 1629 529 1650 v.
545 1622 616 1650 250.

217 1748 281 1776 241
308 1741 355 1776 Et
371 1745 599 1775 monumenta
615 1737 728 1773 virum
744 1737 903 1780 demoliri,
919 1743 1025 1782 atque
1042 1735 1145 1780 ciere,

120 1821 158 1858 Q.
173 1831 198 1852 c.
221 1819 414 1856 commoliri;
436 1817 531 1855 male,
554 1828 593 1847 ex
609 1827 636 1847 v.
653 1820 723 1848 254.
739 1814 966 1847 B.—demoiiri
981 1814 1126 1845 Theatra.
1175 1813 1294 1843 Arnob.
1316 1812 1376 1842 IV.
1400 1811 1488 1852 Lego

392 1914 486 1949 atque
501 1907 593 1946 ciere,
608 1914 637 1938 et

629 1985 666 2016 B.

242 2102 308 2131 257
336 2095 393 2130 Sic
414 2095 518 2138 cadit,
536 2101 571 2130 et
586 2093 696 2129 fertur
713 2093 853 2128 tenebris
868 2091 1005 2138 procul,
1021 2097 1056 2126 et
1067 2089 1180 2125 trahit
1197 2094 1309 2125 atram

121 2171 196 2211 Leg.
213 2169 311 2200 terris.

244 2283 311 2312 265
336 2278 414 2312 Nec
432 2283 531 2312 tanto
547 2282 697 2322 possent
710 2277 781 2310 hoec
797 2280 906 2309 terras
923 2272 1121 2318 opprimere
1137 2271 1250 2313 imbri,

120 2358 159 2389 O.
184 2357 280 2387 MSS.
303 2357 461 2386 venientes.
488 2356 532 2396 (q.
548 2354 692 2384 Venetus
713 2359 839 2393 possent
860 2352 1053 2392 opprimere)
1077 2351 1264 2387 rectissime,;
1286 2359 1361 2379 casu
1384 2353 1483 2379 recto:
1510 2348 1530 2378 i.
1546 2359 1572 2378 e.

78 2414 189 2444 nubes:
217 2425 250 2442 το
264 2410 440 2450 opprimere
455 2407 604 2439 absolute.
627 2409 672 2439 sic
687 2419 715 2438 ν.
732 2410 803 2438 285.
826 2407 878 2438 lib.
896 2407 956 2437 IV.
972 2417 1000 2437 V.
1017 2409 1110 2437 1175.
1130 2404 1184 2436 lib.
1200 2405 1228 2435 Ι.
1242 2415 1270 2435 V.
1286 2407 1358 2435 286.

242 2539 310 2567 280
337 2531 424 2567 Inde
439 2530 500 2565 ubi
515 2529 686 2576 percaluit
702 2530 749 2563 vis
766 2529 864 2570 venti,
882 2528 935 2562 vel
945 2528 1059 2573 gravis
1075 2526 1163 2572 ignis

122 2607 200 2648 Leg.
215 2606 299 2636 venti
315 2605 369 2640 vis,
386 2610 418 2636 et
431 2603 543 2645 gravis.
567 2604 605 2634 B.
621 2614 648 2634 v.
665 2607 737 2635 299.
754 2613 781 2633 ν.
797 2605 872 2634 509.

244 2719 308 2748 291
336 2713 456 2759 Atque
473 2713 524 2747 ita
539 2712 764 2758 praecipitans
781 2711 826 2746 ad
843 2709 1008 2746 diluviem
1026 2718 1199 2743 revocare:

120 2788 221 2829 Lego,
237 2787 383 2818 revocari.
429 2786 485 2817 Bis
499 2785 584 2817 idem
598 2785 684 2822 dicit,
699 2786 734 2816 in
750 2785 885 2817 imbrem
899 2783 989 2823 verti,
1011 2788 1043 2813 et
1057 2781 1097 2813 ad
1118 2779 1270 2811 diluviem
1293 2777 1443 2809 revocari:
1471 2777 1523 2808 lib.
1540 2778 1581 2808 V.

79 2853 107 2874 V.
123 2846 194 2874 256.
211 2843 250 2874 Β.
275 2841 424 2874 Diluvies
438 2847 485 2872 aet
501 2841 638 2872 Humor.
