1967 3314
559 616 689 647 Veronae,
1126 614 1265 646 venetiis.

136 662 171 692 v.
488 674 759 683 ———

239 488 440 511 11:223an-

246 703 321 733 Sine
333 704 431 735 Anno.

117 800 174 830 395
223 793 386 824 cuditantia

116 848 174 878 ,396
223 842 374 874 Concussa
412 855 457 875 re-

262 894 340 923 coire

222 943 353 974 vicissim

117 998 174 1027 397
223 995 381 1025 cohercens

117 1048 176 1077 398
223 1045 357 1083 quamvis

117 1097 174 1126 399
224 1095 333 1134 nequid

116 1146 175 1173 400
223 1145 363 1185 exig-uam

116 1196 171 1222 401
223 1205 320 1224 comes

223 1243 303 1272 deest

222 1304 309 1323 auras

115 1346 173 1371 402
221 1342 282 1372 laeti

114 1395 172 1421 405
219 1392 392 1433 animusque

113 1444 172 1470 404
219 1446 333 1472 cretum
347 1444 434 1473 caesis

114 1494 171 1520 405
220 1491 359 1531 adempta

114 1542 172 1570 406
219 1540 320 1570 vitalis

114 1594 171 1622 407
219 1594 254 1619 nt

115 1643 173 1670 408
220 1638 252 1667 in
262 1639 325 1670 vita

221 1694 409 1721 cunctatatur

221 1738 307 1769 heret

115 1794 173 1820 410
221 1787 381 1819 Incolumis

221 1836 324 1867 ‘mnata

114 1894 149 1919 41
156 1894 169 1918 1
220 1886 302 1916 Dum
313 1888 400 1918 modo

113 1943 172 1969 412
220 1935 263 1965 Et

114 1993 172 2018 413
219 1986 348 2026 pernicie

218 2047 277 2066 non
289 2036 341 2066 fiet

113 2092 171 2118 414
217 2096 329 2125 peraesa
342 2094 390 2116 est

112 2142 170 2168 415

113 2344 171 2372 416

113 2541 171 2570 417

113 2640 171 2666 418

113 2690 172 2719 419

113 2887 170 2913 425

210 2136 461 2176 Incolumisquam
501 2140 618 2171 Occidit
633 2151 671 2170 ex
682 2146 755 2171 tem.
785 2136 903 2166 Occidit
916 2148 954 2167 ex
964 2143 1024 2168 tem
1067 2136 1186 2166 Occidit
1210 2141 1308 2165 extem

246 2187 292 2217 vis
343 2187 472 2226 alioquin
530 2190 581 2230 plo
600 2190 697 2219 lumen
710 2195 755 2220 te-

247 2237 418 2278 splendidus
426 2250 472 2269 or·

251 2287 296 2318 bis

219 2336 337 2367 Occidit
359 2343 457 2367 extem

255 2385 306 2425 plo
316 2386 414 2416 lumen
426 2392 457 2417 te

254 2436 413 2476 nebraeque
425 2447 458 2468 se

257 2490 387 2524 quantur

213 2535 311 2575 juncti

220 2585 319 2615 federe

217 2635 357 2666 mortales

218 2684 293 2715 levis

217 2735 266 2765 fac

217 2788 373 2824 utrumque

217 2845 284 2864 cum

217 2883 372 2919 Quatenus

216 2934 338 2966 minutis

581 273 800 325 LIBRI
839 273 1131 324 TERTII.

485 456 608 478 PAULUS
623 456 758 478 FRIDBN-
784 458 977 479 'rflssononns
991 458 1033 478 ΒΕ

556 510 691 532 PERGER..

584 706 666 734 1486.

505 794 669 824 cuditantia

505 844 658 876 Concussa
695 856 742 875 re—

541 894 620 924 coire

505 944 636 976 vicissim

505 995 663 1025 cohercens

505 1044 638 1082 quamvis

505 1094 614 1132 nequid

505 1144 646 1184 exiguum

506 1203 604 1223 comos

505 1241 586 1272 deest

504 1303 592 1322 auras

504 1342 557 1372 leti

502 1393 715 1434 animimusque

501 1446 614 1472 cretum
627 1444 712 1474 caesis

503 1491 642 1533 adempta

503 1543 602 1574 vitalis

502 1599 537 1625 ut

503 1644 598 1674 invita

503 1698 660 1724 cunctatur

504 1744 589 1774 heret

505 1794 542 1823 In
555 1793 677 1824 columis

497 1843 605 1882 juvata

503 1891 677 1922 Omnimodo

504 1941 546 1971 Et

501 1990 627 2029 pernitie

501 2050 558 2069 non
570 2039 624 2070 fiet

501 2101 554 2131 per
566 2102 627 2121 ansa
639 2095 687 2121 est

532 2239 692 2279 nebraeque
708 2250 755 2269 se-

533 2293 663 2329 quantur

789 511 1025 532 BAGAzonnms.

868 706 954 734 1495.

789 790 951 822 tuditantia

790 839 941 872 concussa
981 853 1026 872 re·

828 892 907 921 coire

790 941 910 971 vcissim

791 991 949 1022 cohercens

791 1040 924 1079 quamvis

789 1091 898 1130 nequid

790 1140 891 1180 exig-ui

789 1201 887 1221 comes

789 1238 870 1269 deest

789 1301 877 1320 arras

788 1339 841 1368 leti

786 1389 960 1430 animusque

788 1443 900 1469 cretum
915 1439 1003 1470 caesis

786 1488 927 1528 adempta

787 1539 887 1569 vitalis

788 1599 824 1618 ac

787 1638 881 1668 inrita

787 1692 944 1719 cunctatur

787 1738 874 1767 heret

788 1786 825 1816 In
844 1787 965 1819 columis

781 1837 888 1877 juvata

787 1886 962 1919 omnimodo

788 1936 831 1966 Et

785 1986 912 2026 pernitie

786 2046 844 2066 non
857 2037 909 2067 fiet

784 2097 838 2127 per
849 2097 909 2117 aesa
922 2091 970 2118 est

822 2186 873 2227 plo
885 2186 982 2217 lumen
994 2192 1024 2217 te

824 2237 980 2276 nebraeque
992 2248 1025 2267 se

817 2292 947 2326 quuntur

1130 489 1242 511 ALDcs.

1148 708 1233 735 1500.

1073 794 1234 826 tuditantia

1074 854 1251 875 concussare
1268 857 1317 876 co-

1114 893 1157 924 ire

1074 944 1204 976 vicissim

1074 1004 1212 1026 coercens

1073 1054 1162 1083 quam
1175 1045 1220 1075 vis

1074 1094 1177 1133 nequit

1071 1143 1173 1181 mgni

1072 1202 1170 1222 comes

1073 1246 1104 1271 et

1072 1300 1160 1320 auras

1071 1339 1125 1369 leti

1069 1389 1244 1430 animusque

1071 1438 1257 1471 circuncaesis

1071 1489 1211 1530 adempta

1071 1539 1188 1571 vitaleis

1070 1594 1103 1619 at

1071 1639 1164 1670 invita

1071 1693 1227 1719 cunctatur

1071 1739 1164 1768 haeret

1070 1786 1222 1819 incolomis

1070 1838 1171 1868 vivata

1071 1887 1239 1918 Dummodo

1070 1937 1112 1967 Et

1067 1987 1196 2026 pernicie

1068 2047 1124 2066 non
1137 2036 1190 2066 fiet

1065 2091 1202 2126 peresast

1095 2186 1145 2226 plo
1166 2186 1264 2216 lumen
1278 2191 1324 2216 te-

1094 2237 1250 2276 nebraeque
1276 2246 1324 2266 se-

1096 2291 1227 2326 quuntur

489 2339 649 2370 Incolumis
657 2349 756 2379 quam-
776 2336 935 2367 Incolumis
941 2348 1028 2377 quam
1059 2335 1218 2366 Incolumis
1224 2345 1311 2374 quam

535 2390 582 2419 vis
626 2389 754 2429 alioquin

530 2439 701 2479 splendidus
711 2451 756 2470 or-

534 2488 581 2518 bis

494 2537 595 2577 juncti

500 2586 609 2618 foedere

500 2636 639 2667 mortales

499 2686 574 2717 levis

499 2736 549 2767 fac

500 2791 646 2826 utrunque

499 2847 568 2876 qum

499 2885 653 2920 Quatenus

498 2934 622 2966 minutis

817 2387 863 2416 vis
910 2387 1040 2427 alioquin
1099 2385 1145 2415 vis

816 2436 987 2476 splendidus
995 2447 1040 2466 οι·-

818 2486 864 2516 bis

779 2535 879 2576 juncti

785 2584 895 2614 foedere

785 2634 923 2665 mortales

784 2683 859 2714 levis

784 2733 832 2763 fac

785 2788 934 2824 utrunque

785 2845 855 2873 qum

784 2884 939 2919 Quatenus

785 2932 905 2965 minutis

1100 2484 1146 2514 his

1061 2533 1161 2573 juncti

1067 2584 1176 2614 foedere

1067 2633 1218 2664 mortaleis

1067 2682 1158 2713 leveis

1067 2734 1133 2764 face

1068 2787 1215 2823 utrunque

1068 2843 1136 2862 cum

1069 2882 1218 2917 Quatinus

1069 2932 1191 2964 minutis

1314 2353 1323 2358 -
1342 2329 1606 2375 Incolumssquam-

1213 2385 1322 2425 alioqui
1379 2386 1423 2415 vis
1528 2385 1535 2391 ’
1598 2384 1604 2389 ”

1099 2435 1270 2475 splendidus
1277 2446 1321 2465 or-

1528 285 1623 325 243

1366 433 1409 452 Ex
1421 433 1585 456 TYPOGRA·

1346 485 1417 506 'HIA
1433 486 1614 510 socna-Ans

1379 539 1572 562 mrox'rmAE.

1407 610 1544 652 Biponti.

1436 707 1521 736 1782.

1357 792 1521 824 tuditantia

1357 852 1532 873 concursare
1556 855 1605 874 co-

1394 891 1438 921 ire

1358 940 1488 970 vicissim

1356 1000 1493 1021 coercens

1356 1051 1445 1079 quam
1457 1042 1503 1072 vis

1356 1092 1458 1130 nequit

1356 1140 1493 1180 exig-uam

1355 1200 1453 1221 comes

1355 1244 1387 1268 et

1355 1299 1443 1320 auras

1353 1338 1430 1368 lethi

1353 1387 1527 1428 animusque

1355 1436 1564 1470 circum-camis

1355 1487 1474 1517 ademta

1354 1536 1471 1567 vitaleis

1354 1589 1387 1615 at

1353 1634 1384 1663 in
1399 1635 1462 1665 vita

1353 1690 1510 1716 cunctatur

1353 1736 1450 1765 haeret

1353 1785 1513 1816 Incolumis

1352 1836 1453 1866 vivata

1354 1886 1521 1917 Dummodo

1354 1936 1412 1965 Sed

1351 1985 1479 2026 pernicie

1351 2035 1458 2066 conflet

1351 2085 1498 2124 peresa'st

1351 2135 1469 2166 Occidit
1493 2141 1592 2166 extem

1379 2186 1430 2226 plo
1443 2186 1541 2216 lumen
1560 2191 1605 2216 te-

1380 2236 1536 2275 nebraeque
1559 2246 1606 2266 se-

1379 2290 1510 2326 quuntur

1496 2385 1605 2424 alioqu)
