1967 3314
296 256 390 299 286
588 246 1041 296 VARIANTES
1087 244 1526 295 LECTIONES

1558 409 1598 428 Ex
1611 408 1759 431 TYPOGRA
1765 421 1776 428 .

686 431 806 452 PAULUs
821 429 955 450 FRIDEN-
979 429 1170 450 ‘razonmws
1185 429 1225 449 1>ss

436 462 641 484 ”RRANDUS‘
755 485 891 506 macta.
986 483 1219 503 nAcAzoxuzus.

1535 464 1611 484 PfllA
1627 464 1807 486 soen-:TA'rls

1576 518 1769 539 BIPONTINAE.

751 588 881 618 Veronoe.
1037 588 1175 619 Veneriis.

445 679 518 709 Sine
531 680 628 710 Anno.
782 682 866 710 1486.
1064 683 1148 711 1495.

316 777 374 806 570
420 769 501 800 auris
703 771 783 799 auris
989 771 1068 801 auris
1268 769 1365 799 aureis
1551 773 1648 803 aureis

316 827 374 855 572
421 822 466 850 At
479 831 544 860 quae
704 821 805 858 Atque
985 823 1087 860 Atque
1267 819 1350 857 atqui
1552 825 1596 852 At
1609 832 1674 861 quae

420 870 500 900 auris
703 869 782 898 auris
985 870 1064 899 auris
1268 868 1364 897 aureis
1552 871 1648 901 aureis

421 919 523 949 incidit
703 918 806 947 incidit
985 919 1089 949 incidit
1269 917 1372 946 incidit
1551 920 1660 951 accidit

314 977 372 1006 573
422 968 596 999 Praeterlata
705 968 817 997 Praeter
831 966 892 997 lata
987 969 1099 999 Praeter
1112 969 1173 1000 lata
1271 967 1449 997 Praeterlata
1553 969 1731 1000 Praeterlata

315 1026 371 1054 574
420 1017 515 1048 adlisa
703 1017 740 1047 ad
755 1017 812 1047 lisa
985 1019 1023 1048 ad
1037 1018 1092 1048 lisa
1267 1017 1363 1047 adlisa
1551 1019 1646 1050 adlisa

418 1067 491 1097 loeis
703 1067 794 1107 lapsis
985 1070 1077 1109 lapsis
1551 1070 1623 1100 locis

314 1124 371 1156 576
419 1118 494 1152 Quae
702 1117 768 1150 Que
985 1119 1052 1153 Que

420 1168 493 1197 bene
704 1167 778 1196 bone
986 1167 1060 1197 bone

419 1229 485 1248 cum
704 1227 773 1256 qum
985 1227 1054 1256 qum

418 1270 515 1310 possis
703 1266 784 1296 deest
985 1267 1065 1297 deest

313 1328 370 1357 ⁵77
420 1318 500 1348 Tute
704 1317 751 1346 'ru
764 1324 795 1347 te
987 1317 1035 1347 Tu
1049 1322 1080 1347 te

313 1377 370 1406 578
419 1367 499 1408 paris
704 1367 783 1407 paris
987 1367 1066 1406 paris
1270 1367 1367 1405 pareis

313 1427 369 1456 579
420 1416 555 1447 Palantis
705 1415 839 1446 Palantis
988 1415 1104 1446 Plantis
1269 1415 1420 1445 Palanteis
1552 1418 1703 1448 Palanteis

418 1477 484 1496 cum
702 1476 771 1504 qum
986 1476 1054 1505 qum
1268 1477 1332 1495 cum
1551 1478 1617 1497 cum

418 1522 533 1547 montes
703 1519 817 1545 montes
985 1520 1100 1546 montes
1268 1516 1393 1545 monteis
1550 1518 1675 1548 monteis

312 1575 371 1602 580
418 1567 587 1601 Quaerimus
702 1565 860 1599 Querimus
986 1566 1143 1600 Querimus
1268 1565 1433 1598 Quaerimus
1551 1567 1716 1602 Qum-imus

312 1625 369 1651 582
419 1616 476 1656 ipsi
701 1615 775 1654 ipsis
985 1614 1059 1655 ipsis
1268 1615 1341 1654 ipsis
1551 1615 1624 1655 ipsis

313 1674 370 1701 583
419 1667 604 1706 repulsantes
702 1664 908 1704 propulsantes
985 1665 1193 1705 propulsantes
1268 1664 1476 1704 propulsantes
1552 1666 1736 1706 repulsantes

419 1716 521 1747 refern'
702 1713 804 1743 referri
985 1715 1087 1745 referri
1269 1713 1370 1744 referri
1551 1716 1661 1746 referre

314 1774 371 1800 584
422 1766 497 1796 Haec
706 1763 774 1793 Heo
988 1765 1055 1795 Hec
1272 1763 1346 1793 Haec
1555 1767 1634 1797 Haee

419 1820 521 1845 tenere
703 1817 830 1852 teneque
985 1820 1112 1856 teneque
1269 1819 1369 1843 tenere
1552 1822 1652 1847 tenere

1270 1863 1358 1904 volgo

1269 1913 1510 1954 Chordarumque

704 1863 794 1904 vulgo
986 1866 1076 1908 vulgo

705 1912 924 1952 Cordarumque
986 1916 1207 1957 Cordarumque

314 1874 371 1902 587
421 1866 510 1906 vulgo

315 1923 371 1949 588
422 1916 640 1957 Cordarumque

1552 1867 1639 1908 volgo

1553 1916 1792 1957 Chordarumque

421 1966 579 2006 dulcesque
703 1962 862 2002 dulcesque
985 1966 1145 2006 dulcesque
1267 1963 1284 1992 d
1289 1963 1438 2004 ulceisque
1551 1966 1722 2007 dulceisque

421 2017 557 2055 querelas
705 2013 848 2051 quaerelas
985 2016 1120 2055 querelas
1267 2023 1285 2052 q
1290 2013 1410 2043 uaerelas
1551 2016 1687 2056 querelas

315 2072 373 2100 539
422 2066 511 2095 Tibia
705 2062 774 2091 Tibi
986 2065 1056 2095 Tibi
1269 2063 1358 2093 Tibia
1552 2065 1640 2095 Tibia

422 2114 506 2145 findit
707 2111 790 2141 findit
986 2115 1071 2144 findit
1267 2114 1365 2144 fundit
1551 2115 1648 2144 fundit

1269 2162 1413 2192 velamina
1551 2164 1696 2194 velamina

1552 2215 1679 2245 hianteis

1552 2265 1659 2294 Cetera
1671 2263 1708 2293 de

707 2160 850 2190 velamina
988 2164 1131 2194 velamina

707 2211 815 2241 hiantis
987 2214 1097 2244 hiantis

707 2261 814 2292 Potere
827 2261 864 2291 de
989 2264 1095 2294 Potere
1109 2264 1147 2294 de

705 2313 761 2342 hac
988 2315 1044 2344 hac

706 2363 743 2392 de
987 2364 1023 2392 de

707 2412 833 2442 ducutur
987 2414 1132 2444 ducuntur

706 2461 832 2491 amicula
844 2471 941 2491 ramus
988 2464 1114 2494 amicula
1124 2474 1222 2494 ramus

316 2174 370 2202 591
423 2165 567 2195 velamina

317 2224 374 2252 592
422 2214 532 2244 hiantis

317 2273 374 2301 594.
425 2264 573 2294 Praeterea

1268 2213 1396 2243 hianteis

1269 2263 1387 2293 Caetera
1400 2263 1436 2293 de

318 2372 374 2401 595
424 2365 460 2394 ab

319 2422 375 2451 597
424 2415 571 2444 ducuntur

319 2472 375 2500 598
424 2464 550 2494 amicula
562 2474 660 2493 ramus

1552 2414 1698 2444 ducuntur

1552 2463 1746 2493 auricularum

1268 2413 1414 2443 ducuntur

1270 2462 1465 2492 auricularum

319 2522 376 2550 599
424 2518 560 2554 superest
707 2522 794 2551 super
807 2515 855 2541 est
988 2524 1077 2554 super
1090 2518 1138 2544 est
1269 2517 1407 2552 superect

319 2569 377 2597 600
427 2563 484 2592 Per
710 2561 767 2592 Per
988 2563 1046 2592 Per
1269 2573 1321 2602 per

425 2624 491 2652 quae
706 2621 780 2651 quas
986 2624 1060 2652 quas
1269 2622 1342 2652 quas

319 2667 374 2695 601
429 2664 507 2692 llaee
709 2665 776 2693 Hec
990 2663 1056 2693 Hee
1272 2662 1345 2691 Haec

425 2714 563 2753 aurisque
706 2714 844 2754 aurisque
987 2713 1125 2753 aurisque
1268 2711 1422 2751 aureisque
1551 2710 1705 2749 aureisque

318 2764 376 2795 602
425 2763 616 2802 Conloquium
707 2763 899 2804 Conloquium
987 2763 1179 2803 Conloquium
1268 2761 1461 2801 Conloquium
1550 2758 1758 2798 Conloquimur

424 2821 540 2850 quoque
705 2824 822 2853 quoque
986 2823 1102 2852 quoque
1267 2821 1384 2850 quoque
1550 2808 1626 2848 quod

316 2865 375 2894 603
421 2861 550 2901 perflexa
705 2863 833 2901 perflexa
987 2863 1117 2902 perflexa
1267 2871 1318 2901 per
1331 2860 1406 2890 flexa
1549 2869 1601 2898 per
1614 2857 1689 2888 flexa

315 2914 372 2944 604
423 2911 582 2942 Incolumis
705 2912 741 2942 lu
753 2911 873 2944 colomis
990 2913 1024 2942 lu
1034 2912 1155 2943 colomis
1267 2910 1418 2942 incolomis
1553 2907 1710 2939 Incolumis
