1967 3314
602 281 819 331 LIBRI
863 280 1109 330 PRIMI.

1516 294 1604 340 173

62 1429 66 1441 ,
101 1406 158 1432 382

63 1543 66 1547 ¹
101 1505 157 1532 383

64 1644 66 1649 X
101 1604 158 1630 384

100 1654 156 1680 385

100 1702 157 1730 386

100 1804 156 1833 387

99 1903 155 1929 588

98 1953 156 1982 390

97 2103 154 2131 392

98 2153 154 2182 394

97 2202 154 2231 395

60 2243 62 2245 ’
97 2250 154 2281 396

97 2352 154 2380 397

98 2400 155 2429 398

98 2548 154 2575 400

98 2598 151 2624 401

99 2647 155 2674 402

100 2746 156 2771 404

101 2845 157 2871 405

100 2940 157 2969 406

223 498 327 520 FERRA
331 497 351 517 N
354 497 373 516 1>
378 497 421 517 US.

262 623 386 655 Bn'xiae.

225 712 298 742 Sine
310 713 409 742 Anno.

205 814 271 833 esse

206 863 273 883 vere

205 902 323 943 fugiunt

205 952 366 983 nitentibus

207 1001 357 1031 caedentes

207 1056 277 1081 sunt

206 1106 355 1141 receptum
367 1105 414 1131 est

206 1152 412 1192 squammigeri

206 1202 283 1235 Quae

206 1256 341 1291 poterant

206 1302 292 1330 undae

204 1360 262 1388 quo

205 1400 376 1439 privandum
389 1405 436 1430 est

204 1459 330 1488 quaeque

204 1499 242 1529 ad
255 1501 377 1530 mixtum

204 1549 357 1580 dicendum
371 1556 418 1581 est

205 1600 318 1631 initium

205 1661 346 1681 concurso

208 1701 239 1730 Si

204 1761 324 1781 necesse
337 1756 384 1781 est

204 1800 256 1829 flat

205 1849 290 1879 inane

204 1899 400 1930 celerantibus

203 1948 350 1989 Compleri

202 1999 326 2038 quisque

203 2058 322 2078 necesse
335 2053 382 2079 est

202 2108 289 2137 quom

202 2157 260 2186 quo

201 2197 310 2227 constit

202 2247 313 2276 rotione

201 2295 351 2326 densarier

197 2345 260 2384 jam

203 2395 272 2434 Ipse

203 2444 295 2483 partis

205 2504 290 2523 uuum

202 2555 322 2574 necesse
335 2549 381 2575 est

201 2601 335 2634 preterea

202 2644 288 2673 fidem

203 2695 373 2724 contradere

201 2749 312 2774 caetera

201 2798 265 2824 tute

204 2844 342 2883 Namque

203 2904 290 2923 canes

203 2946 298 2974 tectas

470 464 591 485 YAULUS
605 467 737 487 FRIDEN-
764 466 954 487 Tul-:enonas
969 467 1009 486 DE

536 520 671 542 PERGER.

542 623 669 655 Veram.

567 715 648 744 1486.

489 803 587 833 inesse

489 863 557 882 vere

489 902 605 943 fingunt

489 953 657 983 natentibus

491 1003 629 1032 cedentes

491 1053 550 1082 sint

490 1106 639 1142 receptum
651 1105 699 1131 est

490 1152 667 1192 squamigeri

489 1201 566 1234 Quae

489 1255 625 1290 poterant

489 1300 564 1329 unde

488 1360 546 1388 quo

487 1399 660 1438 privandum
674 1404 721 1428 est

487 1459 601 1487 queque

487 1499 647 1528 admixtum

487 1549 640 1578 dicendum
651 1554 698 1579 est

488 1599 603 1628 initium

489 1659 630 1678 concurso

491 1697 539 1726 Sic

490 1757 610 1776 necesse
625 1752 671 1778 est

489 1795 540 1825 flat

489 1844 574 1874 iuane

489 1893 679 1924 densantibus

488 1943 634 1982 Compleri

487 1993 610 2032 quisque

487 2047 638 2074 necessest

486 2103 573 2132 quom

486 2154 544 2183 quo

486 2192 621 2223 constitit

485 2242 598 2272 ratione

486 2293 691 2324 condensarier

486 2352 552 2371 nam

487 2393 556 2432 Ipse

485 2442 578 2482 partis

485 2503 586 2521 aurum

486 2546 636 2572 necessest

488 2598 634 2632 praeterea

487 2642 572 2671 fidem

487 2694 657 2724 contradere

488 2749 598 2773 caetera

486 2798 550 2823 tute

488 2843 626 2884 Namque

487 2905 574 2924 caves

487 2943 575 2974 tectis

771 520 1002 540 RAGAZONOEUS.

820 621 955 651 Venetiis.

852 713 931 742 1495.

773 802 870 832 inesse

774 862 841 881 vere

772 900 888 941 fingunt

774 951 944 981 natantibus

774 1000 911 1030 cedentes

774 1050 834 1079 sint

773 1103 925 1140 receptum
936 1104 983 1130 est

773 1150 951 1190 squamigeri

772 1200 849 1234 Quae

772 1253 908 1288 poterant

772 1299 848 1327 unde

771 1359 829 1387 quo

771 1397 943 1437 privandum
957 1403 1004 1427 est

772 1457 886 1486 queque

772 1497 933 1526 admixtum

773 1546 926 1576 dicendum
943 1551 990 1576 est

773 1596 887 1626 initium

773 1657 914 1676 concurso

775 1696 824 1726 Sic

774 1755 893 1775 necesse
905 1750 952 1776 est

773 1796 825 1825 flat

771 1846 857 1874 iuane

771 1895 964 1925 densantibus

773 1944 920 1984 Compleri

771 1993 895 2032 quisque

771 2054 891 2074 necesse
905 2048 951 2074 est

770 2105 858 2134 quom

770 2155 829 2184 quo

771 2195 906 2225 constitit

770 2247 884 2276 ratione

769 2296 919 2327 densarier

769 2356 836 2375 nam

770 2395 840 2434 Ipse

769 2445 862 2484 partis

769 2505 858 2524 unum

770 2549 920 2576 necessest

770 2600 915 2634 praeterea

771 2645 888 2684 quidem

770 2697 941 2727 contradere

771 2750 879 2776 caetera

771 2799 856 2834 tuper

773 2844 911 2885 Namque

770 2905 857 2924 caves

770 2949 865 2976 tectas

1117 498 1228 518 ALDUS.

1104 622 1243 663 Venetiis.

1134 715 1147 741 1
1152 716 1214 743 500

1057 799 1154 829 inesse

1058 860 1127 878 vero

1056 900 1172 940 fingimt

1058 950 1219 980 nitentibus

1057 1002 1195 1031 cedentes

1056 1052 1117 1082 sint

1057 1106 1208 1142 receptust

1057 1151 1236 1192 squamigeri

1057 1200 1107 1239 qui

1056 1255 1194 1290 poterunt

1057 1300 1144 1329 undae

1056 1361 1114 1390 quo

1056 1401 1229 1440 privandust

1057 1461 1184 1490 quaeque

1057 1501 1214 1531 admistum

1057 1551 1212 1581 dicendust

1057 1600 1161 1631 initum

1058 1661 1198 1681 concurso

1060 1700 1091 1729 Si

1056 1753 1208 1778 necessest

1056 1798 1110 1828 fiat

1056 1847 1142 1877 inane

1056 1898 1247 1929 densantibus

1056 1948 1193 1987 compleri

1056 2009 1191 2038 quenque

1056 2052 1206 2079 necessest

1036 2129 1038 2132 Α
1056 2108 1121 2127 cum

1054 2148 1132 2187 quod

1055 2199 1189 2229 constitit

1055 2248 1169 2278 ratione

1053 2299 1204 2330 densarier

1048 2350 1112 2389 jam

1053 2399 1116 2438 ipse

1054 2448 1164 2488 parteis

1055 2508 1143 2527 unum

1054 2551 1206 2577 necessest

1054 2602 1200 2637 praeterea

1055 2646 1171 2685 quidem

1054 2695 1224 2725 contradere

1055 2749 1164 2775 caetera

1055 2799 1118 2825 tute

1055 2856 1171 2885 nanque

1055 2906 1142 2925 canes

1055 2950 1150 2976 tectas

1347 444 1388 463 Ex
1401 445 1441 464 ΤΥ
1446 446 1563 467 POGRA-

1323 497 1402 518 PHIA
1418 499 1577 521 SOCIETATI

1358 553 1550 574 BIPONTlNAE.

1046 594 1590 694 ——ii
1388 625 1522 665 Biponti

1420 718 1500 747 1782.

1339 812 1406 832 esse

1339 862 1409 881 vero

1340 901 1454 942 fingunt

1340 951 1500 984 nitentibus

1340 1001 1477 1032 cedentes

1339 1051 1400 1080 sint

1340 1107 1488 1142 receptum
1491 1102 1530 1132 'st

1340 1152 1520 1192 squamigeri

1341 1201 1408 1235 Quo

1340 1255 1478 1289 poterunt

1341 1300 1429 1329 undae

1340 1359 1406 1378 cum

1340 1400 1523 1440 privandum’
1524 1407 1554 1431 st

1340 1460 1465 1490 quaeque

1341 1501 1498 1531 admistum

1340 1550 1505 1582 dicendum’
1507 1556 1536 1582 st

1339 1600 1454 1630 initium

1341 1660 1482 1681 concursu

1343 1699 1374 1728 Si

1341 1759 1461 1781 necesse
1463 1751 1503 1782 'st

1340 1798 1389 1829 fuv
1391 1804 1424 1829 at

1340 1848 1426 1878 inane

1340 1899 1535 1931 celerantibus

1341 1949 1492 1990 Complere

1339 2009 1482 2038 quemque

1339 2059 1457 2078 necesse
1460 2049 1499 2079 'st

1338 2108 1403 2127 curn

1337 2148 1414 2187 quod

1337 2197 1470 2227 constitit

1338 2248 1450 2278 ratione

1338 2298 1487 2327 denserier

1331 2347 1394 2387 jam

1340 2396 1399 2425 Se
1392 2406 1455 2435 ipse

1338 2446 1448 2486 parteis

1338 2507 1426 2526 unum

1338 2557 1457 2576 necesse
1460 2546 1500 2576 'st

1338 2602 1482 2637 praeterea

1337 2648 1423 2677 fidem

1337 2697 1494 2727 conradere

1337 2751 1436 2776 cetera

1336 2801 1400 2827 tute

1338 2847 1369 2876 N
1371 2857 1476 2886 amque

1337 2907 1425 2926 canes

1337 2950 1433 2978 tectas
