1967 3314
451 213 792 267 RICARDI
831 219 1219 270 BENTLEII.
1520 233 1616 278 465

162 349 232 381 Lib.
246 348 288 380 V.

288 438 352 467 991
379 431 468 468 Viva
484 433 606 469 videns
623 437 655 470 vi
665 446 704 468 vo
721 432 859 480 sepeliri
874 432 1008 469 viscera
1022 434 1132 469 busto:

162 515 283 546 Videor
297 515 406 556 legisse
419 516 505 556 apud
529 516 719 557 Dionysium
733 516 929 557 Longinum,
945 516 1221 557 incomparabilem
1237 517 1330 549 illum
1347 518 1529 559 Rhetorem,
1551 523 1612 554 tale

121 569 198 609 quid
211 570 245 600 in
260 570 407 610 scriptore
424 571 536 602 Graeco
551 571 688 612 (Gorgia
701 570 871 609 Leontino,
897 577 931 602 ut
951 571 1044 612 puto)
1059 570 1155 602 fuisse
1170 573 1404 613 reprehensum,
1431 575 1539 617 (ayn-⁵5
1551 588 1614 617 xp.

123 627 220 666 ψυχοι
235 625 334 665 tracas)
349 627 490 661 vultures,
506 628 572 658 viva
589 625 754 656 hominum
770 626 865 657 busta.

1291 698 1398 729 Faber.

165 800 305 833 Ennius:

332 882 476 913 Vulturis
490 882 524 912 in
539 881 624 913 silvis
636 881 788 913 miserum
802 881 971 913 mandebat
986 882 1174 913 homonem:

332 949 410 980 Heu
423 958 518 991 quam
532 948 651 979 crudeli
665 948 818 980 condebat
832 949 974 980 membra
988 948 1160 988 sepulchro.

1287 1023 1459 1058 Bentleius.

261 1158 348 1188 1296
372 1151 420 1186 Et
436 1149 532 1197 prius
549 1156 602 1186 est
617 1156 817 1196 reppertum
833 1149 871 1184 in
888 1149 968 1196 equi
986 1149 1223 1185 conscendere
1240 1157 1368 1194 costas,

374 1216 488 1259 Quam
504 1214 716 1250 moderarier
732 1213 826 1249 hunc
844 1213 964 1257 frenis,
978 1215 1160 1260 dextraque
1175 1214 1297 1260 vigere.

161 1303 341 1343 Suspicatur
365 1303 513 1334 Gifanius
535 1303 706 1344 legendum
721 1313 797 1342 aese,
822 1305 989 1343 dextraque
1010 1313 1112 1343 regere
1118 1317 1129 1338 ,-
1162 1302 1248 1333 Dein
1264 1302 1349 1344 quod
1365 1304 1478 1334 merito
1493 1304 1614 1337 ridebat

116 1358 300 1394 Lambinus,
326 1359 454 1398 Equites
469 1356 574 1389 dererci
589 1369 678 1398 equos
694 1369 753 1388 ηοπ
770 1364 889 1398 regunt,
913 1357 967 1388 sed
982 1357 1076 1395 laeva3
1098 1367 1159 1398 qua
1175 1357 1260 1387 enim
1275 1357 1402 1388 tandem
1417 1369 1516 1389 manu
1532 1370 1612 1401 pug-

114 1411 260 1442 naretur?
286 1411 377 1442 Idem
402 1412 540 1442 Lucretii
565 1411 665 1442 editor
687 1412 807 1451 scripsit
831 1421 968 1451 quoque,
994 1411 1058 1451 legi
1080 1422 1182 1450 posse,
1207 1414 1371 1452 dextraque
1386 1424 1503 1453 vegere‚·
1528 1414 1613 1454 quod

114 1465 200 1496 haud
224 1467 325 1506 magis
349 1465 449 1495 stabit.
494 1465 578 1494 Nam
604 1475 717 1504 vegere,
743 1464 904 1504 impellere
929 1470 987 1503 est,
1012 1464 1138 1504 agitare,
1169 1466 1288 1496 ἔλαυνειν
1303 1465 1358 1496 Sco.
1405 1467 1491 1502 Quid
1508 1475 1614 1502 autem

112 1520 218 1557 fuerit,
235 1522 362 1560 Equites
377 1521 534 1559 impellunt
549 1529 639 1559 equos
653 1517 759 1549 dez-tr&
770 1519 788 1548 ?
834 1519 880 1549 At
894 1518 960 1557 ipse
974 1518 1150 1549 Lambinus
1166 1518 1298 1559 legebat,
1314 1522 1477 1561 dez-traque
1500 1525 1612 1562 vigere,

112 1574 146 1604 id
161 1582 217 1612 est,
240 1574 287 1604 uti
301 1574 366 1614 ipse
380 1573 610 1612 interpretatur,
628 1571 734 1604 dextr-[i
751 1583 896 1612 pugnare
901 1588 912 1610 ;
936 1572 1021 1613 quod
1036 1572 1115 1602 nihil
1130 1572 1170 1603 ad
1186 1583 1264 1604 rem.
1308 1574 1414 1610 Quare
1429 1575 1476 1605 his
1491 1577 1613 1608 omissis

112 1629 153 1660 ad
167 1634 300 1659 veterem
315 1627 482 1659 lectionem
497 1627 698 1658 redeundum
712 1632 769 1664 est,
793 1627 882 1668 cujus
900 1627 1086 1657 meminerat
1102 1627 1134 1658 J.
1151 1627 1290 1667 Baptista
1305 1628 1394 1666 Pius,
1417 1629 1471 1670 qui
1487 1631 1563 1661 olim
1579 1632 1613 1662 in

114 1683 268 1716 Plautum
292 1689 323 1713 et
347 1677 531 1713 Lucretium
538 1694 548 1720 ;
571 1681 615 1712 ait
639 1681 724 1712 enirn
751 1681 785 1711 in
812 1681 884 1712 MS.
909 1681 978 1712 cod.
1002 1681 1076 1722 legi,
1100 1684 1178 1713 viere
1186 1698 1197 1719 ,-
1221 1693 1290 1723 quae
1303 1693 1457 1724 germana
1471 1685 1612 1717 Lucretii

114 1739 206 1769 lectio
232 1744 291 1775 est;
317 1736 402 1767 unde
428 1736 513 1767 enim
537 1736 569 1766 id
594 1737 726 1767 verbum
752 1735 918 1766 advectum
943 1735 1070 1767 fuisset?
1111 1737 1178 1767 Vieo
1202 1743 1308 1768 autem
1334 1744 1380 1769 est
1393 1741 1501 1781 flecto,
1525 1741 1610 1773 unde

110 1795 223 1831 vimen,
238 1794 332 1824 victor
346 1798 378 1822 et
391 1793 485 1822 vietus
489 1806 502 1828 ,·
525 1790 629 1832 itaque
643 1793 722 1822 w'ere
736 1801 846 1832 equum
861 1796 907 1821 est
910 1791 1038 1832 flectere
1052 1801 1171 1832 equum.

1288 1875 1396 1906 Faber.

157 1992 231 2022 Hoc
244 2001 406 2031 perperam
422 1989 546 2031 judicas
560 1990 605 2021 mi
619 1991 725 2028 homo,
749 1991 838 2026 viere,
865 1996 922 2028 est,
940 1992 1068 2028 vincire,
1084 1990 1217 2030 plectere
1231 1998 1361 2031 sertum,
1381 1993 1495 2026 vimen.
1540 1996 1608 2027 En-

112 2046 184 2077 nius
195 2058 205 2084 ;
225 2046 318 2076 Ibant
342 2045 496 2076 malacam
518 2045 601 2077 viere
625 2054 790 2076 veneream
813 2044 971 2076 corollam.
1019 2045 1134 2077 Varro:
1162 2046 1208 2077 Ut
1230 2048 1344 2078 habeas
1366 2048 1494 2086 iimina
1522 2051 1608 2082 unde

116 2100 229 2132 viendo
244 2100 321 2142 quid
337 2099 441 2131 facias.

1286 2171 1458 2204 Bentleius.

154 2287 222 2318 Lib.
240 2288 301 2319 VI.

304 2376 345 2404 16
371 2369 550 2404 Intellexit
566 2369 613 2404 ibi
629 2369 752 2405 vitium
769 2382 830 2406 vas
847 2371 982 2406 efficere
999 2371 1112 2418 ipsum

368 2432 564 2477 Omniaque
582 2432 673 2467 illius
691 2431 775 2468 vitio
794 2434 1007 2480 corrumpier
1023 2434 1131 2477 intus,

369 2497 459 2540 Quae
475 2496 604 2529 conlata
620 2495 704 2531 foris
724 2503 761 2531 et
776 2498 961 2532 commoda
976 2509 1125 2544 cumque
1140 2497 1305 2532 venirem.

153 2587 193 2620 In
209 2588 274 2627 illo,
303 2592 377 2625 Quae
392 2593 522 2627 conlata.
545 2592 658 2622 vitium
673 2599 719 2623 est
735 2604 754 2623 a
776 2594 902 2625 nemine
917 2605 1058 2636 unquam
1074 2593 1337 2629 animadversum,
1362 2592 1479 2623 nedum
1498 2604 1605 2624 emen-

109 2642 217 2674 datum
242 2650 277 2674 ut
303 2644 405 2675 fuerit.
454 2645 646 2685 Corruptum
671 2658 737 2678 esse
766 2648 858 2678 facile
887 2648 928 2679 ad
951 2649 1154 2688 probandum
1183 2654 1238 2678 est.
1284 2648 1364 2683 Quae
1390 2648 1476 2678 enim
1500 2649 1607 2680 isthaec

109 2698 225 2730 oratio?
255 2701 448 2740 Quaecunque
463 2700 583 2731 conlata
599 2701 684 2741 Jbris
705 2708 733 2732 et
759 2705 912 2733 commoda
937 2704 1096 2734 venirent?
1123 2702 1227 2733 Nemo
1243 2712 1309 2732 nou
1330 2701 1434 2732 videat
1448 2713 1526 2741 opus
1541 2713 1608 2733 esse

107 2763 182 2784 voce
210 2753 325 2794 aliqua,
349 2755 400 2785 cui
415 2765 487 2786 cum
505 2769 546 2795 τῳ
560 2758 714 2787 commoda
730 2758 894 2788 convenire
909 2758 1018 2797 possit:
1043 2758 1198 2788 sententia
1211 2757 1296 2787 enim
1311 2757 1406 2796 hujus
1421 2756 1492 2795 loci,
1516 2763 1609 2797 prout

107 2807 260 2838 hactenus
274 2808 400 2849 legitur,
423 2809 512 2840 nulla
526 2820 592 2841 esse
606 2811 736 2843 omnino
750 2818 863 2852 potest,
882 2812 943 2843 nisi
957 2813 1036 2852 haec,
1057 2822 1154 2854 quam
1166 2813 1331 2846 verborum
1347 2811 1440 2844 series
1454 2811 1605 2851 postulat:

179 2885 260 2917 Vm..
275 2886 290 2917 Ι
300 2886 336 2917 V.
810 2892 831 2919 5
848 2889 881 2919 N
