1967 3314
583 292 797 343 LIBRI
842 291 1132 343 TERTII.
1516 307 1613 349 245

90 417 1610 441 Μ

1367 455 1408 474 Ex
1419 456 1582 480 TYI’OGRA-

486 475 610 495 PAULUS
624 475 758 495 mum-:N-
783 476 974 497 THEODoRUS
990 479 1031 497 DE

238 507 439 529 FERRANDUS.
1138 510 1253 531 ALnUs.
1341 508 1419 528 PBIA
1435 510 1614 534 SOCIETATIS

553 529 690 549 PERGER.
790 530 1024 551 RAGAzoxums.

1381 562 1574 585 Blr’os‘risffi.

271 629 402 662 Bn'xioe.
562 630 693 661 Veronoe.
841 631 980 661 Venetiis.
1126 630 1153 658 V
1151 631 1262 662 enetiis.
1411 632 1545 672 Bipontz'.

247 719 321 748 Sine
333 720 431 750 Anno,
583 723 665 751 1486.
869 724 952 752 1495.
1152 728 1234 754 1500.
1439 726 1521 755 1782.

223 810 315 841 oculis
506 812 583 841 oculi
791 810 870 839 oculi
1074 811 1168 842 oculis
1362 810 1456 840 oculis

224 866 354 901 nutuque
507 866 638 901 nutuque
793 866 923 900 nutuque
1075 861 1216 901 vultuque
1361 867 1492 901 nutuque

226 921 281 939 nec
508 921 564 939 nec
793 920 846 939 nec
1076 921 1130 940 nec
1361 921 1455 950 neque

227 959 356 989 lacrimis
508 959 661 990 lachrimis
794 959 945 990 lachrimis
1077 960 1215 1001 lacrymis
1359 959 1490 991 lacrimis

227 1011 340 1041 fateare
508 1008 588 1038 deest
796 1010 876 1039 deest
1076 1011 1191 1041 fateare
1361 1009 1474 1040 fateare

227 1062 352 1096 Quando
365 1063 480 1101 quidem
509 1057 635 1091 Quando
648 1057 765 1097 quidem
794 1059 920 1094 Quando
932 1060 1047 1099 quidem
1077 1062 1319 1101 Quandoquidem
1361 1060 1604 1100 Quandoquidem

228 1123 349 1142 necesse
362 1119 410 1142 est
511 1119 632 1138 necesse
645 1114 692 1139 est
794 1119 914 1138 necesse
927 1114 975 1138 est
1077 1116 1229 1141 necessest
1362 1110 1525 1141 necesse'st

229 1161 292 1191 laeti
511 1160 571 1189 laeti
796 1157 856 1188 laeti
1078 1160 1131 1189 leti
1362 1157 1436 1187 lethi

228 1218 350 1251 uterque
363 1215 413 1241 est
512 1215 666 1249 utel-quest
796 1212 950 1247 uterquest
1078 1215 1231 1250 uterquest
1364 1208 1527 1246 uterque’st

228 1272 316 1300 quam
511 1271 599 1299 quam
795 1268 883 1297 quam
1079 1260 1157 1298 quod
1363 1256 1440 1295 quod

230 1311 272 1340 Et
285 1310 423 1350 quoniam
513 1311 554 1340 Et
571 1310 709 1349 quoniam
797 1307 839 1337 Et
852 1309 989 1347 quoniam
1079 1310 1120 1338 Et
1137 1310 1274 1347 quoniam

260 1365 386 1389 mentem
400 1371 448 1389 sa·
544 1363 671 1389 mentem
685 1369 733 1388 sa·
828 1364 955 1388 mentem
969 1369 1017 1389 sa·
1111 1363 1238 1388 mentem
1251 1369 1299 1388 sa-

259 1410 323 1438 nari
345 1420 451 1449 corpus
544 1409 608 1437 nari
629 1419 735 1449 corpus
826 1408 891 1437 nari
911 1420 1016 1449 corpus
1109 1407 1174 1436 nari
1195 1419 1300 1448 corpus

260 1463 294 1488 ut
306 1470 408 1499 egrum
543 1458 623 1487 inam'
827 1459 907 1488 inani
1109 1465 1223 1496 aegrum

227 1509 307 1540 deest
511 1506 592 1536 deest
794 1507 875 1537 deest
1079 1505 1120 1535 Et
1134 1508 1244 1545 pariter
1254 1507 1332 1537 flecti

1110 1557 1254 1586 medicina
1267 1568 1332 1597 pos-

1108 1617 1142 1636 se
1160 1607 1293 1636 videmus

230 1669 280 1688 cor
511 1668 562 1687 cor
792 1668 845 1687 cor
1076 1667 1127 1685 cor
1362 1666 1414 1684 cur

231 1709 379 1739 hominum
511 1708 660 1737 hominum
795 1707 943 1737 hominum
1079 1705 1228 1735 hominum
1362 1704 1508 1734 hominem

232 1770 297 1788 cum
511 1770 580 1798 qum
795 1768 864 1797 qum
1077 1766 1143 1784 cum
1362 1765 1428 1783 cum

231 1809 290 1837 vim
512 1810 570 1839 vim
796 1807 855 1836 vim
1078 1805 1133 1834 viri
1362 1804 1422 1833 vini

230 1857 397 1898 penetravit
512 1864 669 1899 penetrant
796 1857 962 1896 penetravit
1079 1856 1245 1896 penetravit
1362 1855 1528 1894 penetravit

232 1909 319 1938 Aeris
511 1909 600 1939 Aeris
796 1907 885 1936 Aeris
1078 1906 1167 1935 Acris
1363 1905 1451 1935 Acris

231 1958 352 1989 iuveuas
511 1959 542 1987 in
560 1969 651 1988 venas
795 1956 825 1985 in
845 1967 935 1986 venas
1078 1956 1108 1985 in
1121 1966 1211 1986 venas
1361 1955 1391 1984 in
1410 1966 1500 1985 venas

232 2009 354 2039 discesit
511 2006 651 2038 disc‘essit
795 2007 935 2037 discessit
1080 2005 1219 2035 discessit
1361 2004 1501 2034 discessit

232 2059 349 2089 deditus
512 2059 629 2089 deditus
796 2056 913 2086 deditus
1079 2055 1190 2085 diditus
1361 2054 1472 2084 diditus

232 2109 310 2138 Cura
513 2109 607 2138 Crura
797 2107 891 2136 Crura
1078 2105 1172 2134 Crura
1362 2105 1456 2134 Crura

233 2158 376 2188 vacilanti
513 2158 665 2189 vacillanti
797 2156 947 2186 vacillanti
1079 2154 1232 2184 vacillanti
1362 2154 1513 2184 vacillanti

234 2208 320 2237 Haut
514 2208 600 2237 Nant
798 2206 885 2236 Nant
1079 2204 1165 2234 Nant
1366 2203 1452 2233 Nant

227 2258 328 2299 jurgia
506 2257 594 2297 jugia
791 2258 879 2298 jugia
1072 2254 1176 2294 jurgia
1356 2253 1458 2293 jurgia

236 2308 336 2337 Etiam
514 2307 615 2336 Etiam
798 2308 898 2337 Etiam
1080 2304 1121 2333 Et
1130 2305 1194 2344 jam
1364 2303 1405 2332 Et
1413 2303 1477 2342 jam

234 2362 345 2387 caetera
513 2361 620 2386 eaetera
795 2363 904 2387 caetera
1078 2359 1186 2383 caetera
1363 2357 1462 2382 cetera

235 2406 378 2446 degenere
511 2407 548 2436 de
561 2417 669 2446 genere
796 2407 833 2436 de
847 2417 954 2447 genere
1079 2402 1116 2431 de
1129 2413 1237 2441 genere
1363 2403 1400 2431 de
1413 2412 1521 2442 genere

235 2467 415 2495 qua-,cunque
513 2465 684 2494 quecunque
795 2465 969 2495 quecunque
1079 2462 1261 2491 qnaecunque
1363 2462 1545 2490 quaecunqne

238 2511 399 2545 sequuntur
514 2510 674 2543 sequantur
798 2509 960 2544 sequantur
1081 2505 1243 2540 sequantur
1363 2506 1527 2540 sequuntur

236 2566 296 2585 nm
515 2563 575 2582 vrvr
798 2555 858 2584 vivi
1081 2550 1136 2580 viri
1364 2551 1424 2580 vini

238 2605 419 2635 conturbare
516 2603 697 2633 Contrahere
798 2605 980 2634 Contrahere
1082 2600 1264 2630 Conturbare
1364 2601 1547 2631 Conturbare

236 2666 419 2696 quaecunque
517 2664 688 2693 quecunque
799 2665 971 2694 quecunque
1082 2661 1266 2691 quaecunque
1363 2660 1548 2690 quaecunque

237 2707 316 2741 Quin
518 2703 644 2737 Quando
800 2704 926 2739 Quando
1082 2701 1162 2735 Quin
1365 2700 1444 2735 Quin

294 2756 300 2761 '
518 2754 616 2783 subito
801 2755 900 2784 subito
1083 2750 1182 2780 subito
1366 2749 1466 2780 subita

518 2808 550 2833 et
802 2809 833 2834 et
1083 2806 1114 2831 et
1365 2805 1397 2830 et

239 2858 362 2898 Desipit
520 2853 651 2893 Dissipit
805 2853 936 2894 Dissipit
1083 2850 1188 2891 disipit
1367 2851 1488 2891 Desipit

238 2912 374 2937 extentat
518 2909 656 2934 extentat
804 2907 997 2940 extentatque
1084 2904 1220 2931 extentat
1367 2904 1504 2930 extentat

239 2957 274 2987 In
288 2960 459 2988 constanter
520 2955 728 2985 Inconstanter
806 2954 1013 2983 Inconstanter
1088 2952 1295 2981 Inconstanter
1372 2951 1578 2982 Inconstanter
