1967 3314
445 243 797 293 RICARDI
845 241 1241 291 BENTLEII.
1505 252 1596 292 431

263 384 331 414 970
356 376 427 412 Sed
444 376 524 422 quia
541 389 677 423 semper
699 388 791 419 aves,
808 375 903 423 quod
919 376 1029 418 abest,
1044 374 1233 421 praesentia
1247 374 1388 409 temnis:

143 457 357 494 Democritus;
379 458 540 495 Ἀνοημονες
559 471 614 487 των
629 459 770 488 ἀπεαπ-ων
786 458 938 500 clemona-m·
958 469 998 486 τοι
1014 454 1040 486 δε
1065 467 1220 498 magma-a,
1242 468 1292 485 και
1308 466 1523 496 παρῳχημενων
1538 469 1600 498 χες·

99 510 268 556 δαλεωτερα
282 515 374 549 ἐοντα,
389 510 606 551 αμαλδυνουσιν.

264 628 330 656 979
355 623 431 657 Nec
449 622 636 668 quidquam
651 620 688 653 in
703 618 918 661 barathrum,
942 629 1007 653 nec
1023 623 1155 652 tartara
1169 618 1288 652 decidit
1304 624 1388 653 atra.

143 689 182 724 Q.
201 699 225 719 c.
247 688 344 728 dedit,
365 700 396 730 q.
413 689 546 719 deditur.

265 793 333 822 984
355 787 506 832 Vitaque
522 783 708 830 mancupio
725 783 813 818 nulli
830 783 945 827 datur,
969 783 1131 819 omnibus
1147 795 1225 819 usu.

143 859 181 891 P.
200 861 303 901 Syrus:

316 935 427 966 Homo
441 934 512 965 vitae
528 933 757 972 commodatus,
774 943 839 963 non
854 932 989 963 donatus
1003 937 1058 963 est.

145 1022 265 1053 Amob.
282 1021 331 1052 II.
355 1022 427 1052 Usu
441 1028 472 1052 et
487 1022 550 1052 illis
565 1027 612 1052 est
626 1021 690 1052 vita
704 1031 769 1051 non
784 1021 942 1061 mancipio
955 1020 1078 1052 tradita.
1130 1021 1240 1060 Eurip.
1267 1020 1481 1061 Supplicibus;

316 1108 401 1138 Ὅθεν
417 1108 537 1138 ἕκαστον
554 1108 589 1142 εἷς
610 1121 642 1138 το
658 1108 730 1146 πόμ’
744 1110 876 1147 ἀφικετο,

314 1166 446 1196 Ἐνταυθ’
470 1168 606 1204 ἀπῆλθε,
623 1178 735 1206 πνευμα
747 1178 799 1206 μεν
814 1178 881 1208 προς
898 1167 1015 1209 αἰθεραε,

315 1231 352 1256 Το
368 1239 453 1264 nepam
468 1225 490 1256 δ’
507 1227 543 1260 εἷς
560 1237 625 1266 γῆν·
650 1227 710 1256 οὓγι
726 1239 786 1268 γαρ
802 1227 978 1260 xix-‘mussa

314 1285 464 1326 Ἣμετεξθν
479 1285 564 1322 αὐτο,
579 1291 657 1318 πλην
673 1285 810 1318 ἐνοικῆσαι
825 1287 892 1321 βων·

315 1344 452 1382 Κᾴπειτιι
468 1357 520 1376 τῆν
534 1345 690 1385 θρεψασαν
706 1345 778 1375 αὐτο
793 1343 830 1375 δει
845 1347 956 1381 λαβειν.

144 1416 232 1448 Pedo
247 1415 481 1447 Albinovanus:

314 1494 391 1524 Vita
405 1493 481 1525 data
495 1499 541 1524 est
554 1493 686 1524 utenda:
713 1493 786 1524 data
801 1500 846 1524 est
862 1494 929 1524 sine
944 1494 1062 1525 foenore
1076 1494 1167 1525 nobis

318 1549 447 1586 Mutua,
463 1558 521 1578 nec
536 1554 621 1578 certa
636 1547 841 1587 persolvenda
858 1547 917 1578 die.

267 1653 333 1680 988
359 1644 542 1691 Temporis
559 1644 716 1690 exponit.
738 1651 820 1690 post
836 1651 984 1679 mortem
1001 1644 1152 1691 denique
1169 1653 1324 1682 nostram

146 1724 333 1766 Distingu03
355 1724 497 1764 Exponit
511 1730 581 1764 post
604 1730 738 1754 mortem
753 1724 890 1765 denique
903 1730 1050 1756 nostram‘
1096 1725 1133 1756 B.

267 1829 330 1857 991
359 1822 479 1867 Atque
494 1833 537 1856 ea
552 1821 727 1865 nimirum,
743 1833 961 1868 quaecunque
978 1822 1184 1860 Acherunte
1200 1824 1386 1872 profundo.

145 1891 288 1931 Propert.
305 1891 374 1922 ΙΙΙ.
391 1895 421 1922 5.
439 1894 489 1922 67.

316 1968 373 1997 An
388 1966 460 1996 ficta
474 1966 507 1996 in
522 1966 652 1997 miseras
675 1966 837 1997 descendit
851 1967 958 1998 fabula
971 1973 1092 2009 gentes,

316 2025 360 2055 Et
374 2025 468 2055 timor
485 2026 571 2056 haud
585 2026 679 2063 ultra,
695 2037 792 2068 quam
807 2037 902 2068 rogus
917 2038 983 2058 esse
997 2034 1106 2068 potest.

146 2100 196 2131 Ita
210 2100 434 2141 intelligendus
451 2102 616 2142 Horatius,
641 2103 831 2144 Fabulaeque
845 2114 962 2135 manes.

266 2215 333 2243 996
358 2209 556 2253 Mortaleis‚
571 2223 753 2257 casumque
771 2211 908 2255 timent,
925 2224 1179 2259 quemcumque
1195 2212 1284 2249 ferat
1300 2213 1382 2251 fors.

146 2289 244 2328 Nota,
263 2291 373 2321 Casum
384 2306 394 2326 ;
417 2290 529 2321 alludit
544 2291 584 2321 ad
599 2301 707 2322 casum
721 2291 843 2330 lapidis.
863 2317 868 2322 .

245 2392 330 2420 1001
360 2386 432 2431 Qui
447 2398 520 2421 non
537 2387 612 2422 sola
628 2399 754 2422 novem
771 2389 932 2433 dispensis
942 2388 1066 2435 jugera
1082 2391 1245 2426 membris

146 2465 186 2496 Ο.
204 2465 301 2496 MSS.
317 2465 478 2504 dispersis;
499 2465 628 2504 optime,
645 2466 698 2497 lib.
719 2467 768 2498 ΙΙ.
785 2478 810 2498 v.
828 2471 921 2500 1125.

246 2579 332 2608 1005
358 2573 429 2608 Sed
444 2573 568 2619 Tityos
584 2573 685 2609 nobis
702 2573 759 2609 hic
777 2581 842 2618 est,
858 2575 895 2610 in
912 2587 1031 2612 amore
1042 2579 1220 2624 jacentem

358 2637 474 2682 Quem
490 2637 641 2672 volucres
659 2637 826 2682 lacerant,
843 2646 948 2685 atque
965 2647 1064 2677 exest
1080 2642 1205 2679 anxius
1221 2655 1343 2690 angor:

316 2718 378 2748 Cui
394 2718 514 2748 Vultur
524 2718 615 2758 jecur
629 2718 782 2749 intimum
799 2727 936 2760 pererrat

314 2777 358 2807 Et
373 2777 474 2816 pictus
488 2778 594 2817 trahit,
611 2779 803 2819 intimasque
818 2779 910 2811 fibras

315 2835 389 2866 Non
406 2843 462 2874 est,
480 2847 574 2878 quem
590 2837 708 2878 Tityon
722 2845 835 2870 vocant
853 2840 973 2879 Poetae,

315 2894 375 2926 Sed
391 2896 492 2928 cordis
507 2897 602 2938 mala,
618 2898 725 2939 Livor,
741 2905 835 2941 atque
849 2899 944 2932 luxus
960 2901 1104 2944 (luctus).
