1967 3314
315 246 410 286 244·
608 237 1062 289 VARIANTES
1104 238 1548 290 LECTIONES

1590 402 1630 421 Ex
1647 401 1811 422 TYPOGRA·

715 422 837 442 PAULUS
850 423 984 443 FMDEN-
1010 424 1201 444 THEonouus
1217 424 1258 443 DE

463 451 618 472 FERRAND
627 453 671 472 us.
783 476 909 495 rtncmz
1020 478 1253 497 RAGAZONIBUS·
1367 456 1478 476 Annus.
1571 456 1645 475 vum
1662 456 1844 476 somn-Ans

1611 509 1805 529 mpox'rnuz.

500 575 627 605 Btixiae-
1070 582 1209 611 Veneriis.
1359 580 1493 611 Venetiis.
1640 580 1774 621 Biponti.

355 623 396 652 V.

478 664 551 693 Sine
563 664 661 693 Anno.
1101 674 1182 702 1495,
1387 674 1468 698 1500.
1671 674 1752 703 1782.

350 762 408 789 4528
454 752 534 783 deest
739 759 819 788 deest
1023 759 1103 788 deest
1308 762 1388 791 deest
1595 759 1634 788 ’st

351 812 409 837 430
457 803 578 832 prestat
741 809 863 837 Prestut
1027 809 1155 838 Praestat
1310 812 1440 841 Praestat
1597 808 1725 838 Praestat

352 861 410 886 4:33
459 852 588 882 Exn-lare
742 857 871 887 Exalare
1028 858 1156 886 Exalare
1311 861 1461 890 Exhalare
1598 858 1747 887 Exhalare

353 910 411 935 434
457 903 634 933 simulachra
741 907 922 936 simulachra
1025 907 1203 936 simulachra
1312 909 1474 938 Simulacm
1598 907 1760 937 Simulacra

457 956 601 992 gematur
743 961 886 996 geruntur
1027 960 1170 996 geruntur
1311 962 1454 997 geruntur
1596 962 1744 998 genuntur

354 1008 411 1033 435
457 1001 596 1040 quoniam
742 1005 824 1034 deest
1027 1005 1164 1044 quoniam
1312 1008 1450 1047 quoniam
1597 1008 1733 1047 quoniam

458 1049 608 1088 quassatis
744 1055 895 1095 quassatis
1027 1055 1197 1094 quassantis
1313 1059 1466 1098 quassatis
1598 1058 1748 1097 quassatis

355 1105 413 1131 4:38
459 1099 554 1140 perire
745 1116 797 1145 per
811 1105 853 1134 ire
1029 1115 1081 1144 per
1094 1104 1136 1133 ire
1314 1108 1409 1148 perire
1597 1108 1693 1148 perire

355 1156 412 1184 439
459 1150 552 1180 Ocius
746 1155 838 1185 Ocius
1029 1154 1120 1184 Ocius
1314 1168 1406 1197 ocyus
1599 1157 1690 1186 Ocius

459 1209 496 1229 ³0
746 1215 781 1234 ac
1030 1216 1065 1235 ae
1316 1218 1351 1236 ac
1597 1210 1629 1235 et

355 1254 414 1281 440
459 1258 497 1277 ex
513 1248 646 1278 omnibus
746 1263 784 1283 ex
798 1253 932 1283 omnibus
1031 1264 1068 1284 ex
1082 1254 1216 1284 omnibus
1316 1258 1449 1287 omnibus
1462 1268 1479 1287 e
1598 1256 1732 1286 omnibus
1745 1267 1762 1285 e

356 1304 414 1330 443
461 1299 508 1326 Ac
520 1297 698 1327 rarefactum

357 1354 415 1380 444,
460 1348 537 1377 hanc

357 1404 414 1429 445
462 1396 656 1427 inoehibescit

747 1305 844 1332 Arare
856 1303 966 1332 sactum

747 1354 825 1382 hane

747 1402 942 1432 incohibescit

1601 1307 1647 1334 Ac
1662 1305 1839 1335 rarefactum

1600 1355 1676 1384 hanc

1599 1416 1646 1435 am
1659 1404 1820 1435 cohibessit

1599 1460 1630 1485 et

1600 1504 1715 1534 infirmo

1031 1307 1144 1334 Acrare
1157 1304 1266 1334 factum
1316 1309 1362 1338 Ac
1377 1307 1554 1338 rarefactum

1031 1356 1090 1384 han
1317 1358 1393 1388 hanc

1032 1403 1227 1434 incohibescit
1319 1407 1514 1437 incohibescit

1032 1459 1066 1484 ut
1316 1462 1348 1486 et

1034 1503 1139 1532 infirmi
1321 1507 1434 1536 infirmo

463 1550 621 1584 tenereque
750 1556 910 1590 tenereque
1034 1558 1193 1592 tenereque
1319 1561 1478 1595 teneroque
1601 1559 1760 1593 teneroque

359 1603 417 1632 449
463 1595 613 1625 sententia
750 1600 899 1631 sententia
1034 1603 1186 1632 sententia
1321 1604 1472 1635 sententia
1602 1604 1751 1635 sententia

464 1645 562 1675 tenuis
751 1655 839 1680 tenus
1036 1658 1121 1683 tenus
1321 1660 1438 1694 tempus
1605 1655 1702 1685 tenuis

360 1701 419 1727 450
465 1698 539 1724 aetas
751 1704 836 1730 actas
1036 1706 1120 1732 actas
1322 1709 1396 1733 aetas
1603 1710 1678 1736 aetas

361 1752 416 1777 451
466 1747 570 1773 auctor
752 1754 856 1780 auctor
1036 1756 1139 1782 auctor
1248 1779 1256 1786 ,
1324 1753 1436 1783 auctior
1607 1757 1722 1786 auctior

467 1792 553 1822 adest
753 1805 801 1831 est
1037 1807 1085 1832 est
1324 1809 1371 1834 est
1605 1811 1651 1837 est

467 1843 547 1872 deest
757 1852 803 1881 ij
1344 1855 1350 1861 ·

1037 1853 1081 1882 vis
1324 1866 1368 1885 vis
1606 1857 1650 1887 vis

1606 1904 1791 1946 quassatu’st

1607 1955 1718 1985 viribus

361 1902 420 1928 452
468 1897 641 1932 quassatum
654 1897 702 1922 est

364 1951 421 1976 453
468 1942 579 1972 viribus

754 1904 926 1940 quassatum
941 1903 988 1928 est

753 1950 844 1979 viribs

1037 1906 1210 1942 quassatum
1224 1906 1270 1931 est
1324 1908 1529 1944 quassatumst

1041 1953 1154 1982 viribus
1327 1955 1436 1983 viribus

364 2001 421 2026 454
468 1990 561 2020 delira
754 1999 846 2029 delira
1039 2001 1132 2031 delira
1324 2003 1432 2033 delirat
1607 2006 1715 2035 delirat

365 2047 423 2076 456
469 2042 533 2082 jam
755 2049 835 2079 deest
1042 2050 1122 2080 deest
1325 2054 1369 2083 sie
1607 2065 1723 2095 quoque

365 2099 423 2124 458
469 2091 726 2131 Quandoquidem
755 2098 882 2133 Quando
895 2098 1013 2138 quidem
1041 2101 1168 2136 Quando
1180 2100 1296 2140 quidem
1326 2103 1567 2143 Quandoquidem
1607 2103 1851 2143 Quandoquidem

365 2149 424 2178 459
469 2146 503 2171 ut
756 2147 837 2177 deest
1044 2151 1123 2180 deest
1327 2159 1360 2183 ut
1609 2158 1642 2184 ut

472 2193 569 2223 falisci
758 2200 859 2230 fatisci
1044 2201 1144 2230 fatisci
1327 2203 1425 2233 falisci
1609 2204 1723 2234 fatiscit

367 2245 426 2274 460
473 2244 623 2284 Videamus
760 2250 891 2279 videmus
1044 2250 1177 2279 videmus
1330 2254 1481 2283 videamus
1612 2253 1762 2282 videamus

472 2299 507 2324 ut
760 2304 794 2329 ut
1045 2305 1078 2330 ut
1328 2303 1358 2333 id
1612 2307 1645 2332 ut

368 2344 424 2373 461
475 2344 581 2374 imanis
760 2348 894 2377 immanis
1044 2349 1179 2379 immanis
1329 2353 1484 2383 immaneis
1612 2351 1765 2382 immaneis

472 2395 602 2424 dolorem
761 2397 888 2427 laborem
1045 2400 1173 2429 laborem
1329 2403 1459 2432 laborem
1611 2404 1741 2433 dolorem

369 2444 428 2473 462
473 2444 551 2474 aeris
759 2446 836 2476 acris
1045 2449 1121 2478 acris
1329 2453 1424 2483 aereis
1612 2453 1706 2483 aereis

369 2494 427 2522 463
474 2493 527 2523 leti
761 2497 811 2526 leti
1045 2499 1096 2529 leti
1329 2504 1381 2534 leti
1613 2503 1687 2532 lethi

369 2544 428 2571 464
474 2542 554 2577 Quin
760 2547 914 2582 Quomodo
1043 2550 1123 2584 Quin
1330 2555 1408 2589 Quin
1612 2553 1691 2588 Quin

474 2592 555 2622 deest
760 2597 841 2626 deest
1045 2600 1133 2628 etiam
1330 2604 1411 2634 deest
1613 2603 1695 2632 deest

475 2653 626 2682 corporum
759 2657 913 2687 corporum
1045 2648 1174 2688 corporis
1330 2653 1460 2693 corporis
1615 2651 1742 2692 corporis

474 2696 554 2721 erret
757 2701 836 2726 erret
1046 2703 1124 2727 erret
1331 2707 1412 2733 errat
1615 2705 1694 2731 errat

370 2740 428 2768 465
476 2741 564 2781 Saepe
762 2746 838 2786 Sepe
1049 2748 1125 2788 Sepe
1333 2753 1418 2792 Saepe
1618 2751 1701 2789 Saepe

474 2799 588 2820 ammus
759 2804 886 2825 animum
1047 2799 1162 2828 animus
1333 2802 1447 2831 animus
1617 2800 1731 2830 animus

473 2838 617 2869 dementit
759 2845 903 2875 dementit
1047 2848 1192 2879 dementis
1332 2851 1485 2881 dementia
1619 2849 1761 2879 dementit

473 2887 624 2931 deliraque
761 2893 919 2935 delataque
1046 2898 1198 2938 deliraque
1336 2899 1488 2940 deliraque
1621 2900 1771 2940 deliraque
