<?xml version="1.0" encoding="UTF-8"?>
<!DOCTYPE html PUBLIC "-//W3C//DTD XHTML 1.0 Transitional//EN"
    "http://www.w3.org/TR/xhtml1/DTD/xhtml1-transitional.dtd">
<html xmlns="http://www.w3.org/1999/xhtml" xml:lang="en" lang="en">
 <head>
  <title>
</title>
<meta http-equiv="Content-Type" content="text/html;charset=utf-8" />
  <meta name='ocr-system' content='tesseract 3.04.00' />
  <meta name='ocr-capabilities' content='ocr_page ocr_carea ocr_par ocr_line ocrx_word'/>
</head>
<body>
  <div class='ocr_page' id='page_1' title='image "./tlucretiicarider04lucruoft_0361.png"; bbox 0 0 1967 3314; ppageno 0'>
   <div class='ocr_carea' id='block_1_1' title="bbox 584 236 1631 297">
    <p class='ocr_par' dir='ltr' id='par_1_1' title="bbox 584 236 1631 297">
     <span class='ocr_line' id='line_1_1' title="bbox 584 236 1631 297; baseline 0.005 -11"><span class='ocrx_word' id='word_1_1' title='bbox 584 236 806 287; x_wconf 86' lang='lat' dir='ltr'>LIBRI</span> <span class='ocrx_word' id='word_1_2' title='bbox 856 238 1156 297; x_wconf 84' lang='lat' dir='ltr'><strong>QUINTI.</strong></span> <span class='ocrx_word' id='word_1_3' title='bbox 1543 250 1631 291; x_wconf 84' lang='lat'>331</span> 
     </span>
    </p>
   </div>
   <div class='ocr_carea' id='block_1_2' title="bbox 100 365 1632 382">
    <p class='ocr_par' dir='ltr' id='par_1_2' title="bbox 100 365 1632 382">
     <span class='ocr_line' id='line_1_2' title="bbox 100 365 1632 382; baseline 0 2932"><span class='ocrx_word' id='word_1_4' title='bbox 100 365 1632 382; x_wconf 95' lang='lat' dir='ltr'> </span> 
     </span>
    </p>
   </div>
   <div class='ocr_carea' id='block_1_3' title="bbox 71 371 492 2051">
    <p class='ocr_par' dir='ltr' id='par_1_3' title="bbox 71 371 492 2051">
     <span class='ocr_line' id='line_1_3' title="bbox 71 371 487 482; baseline 0 0"><span class='ocrx_word' id='word_1_5' title='bbox 71 371 487 482; x_wconf 95' lang='lat' dir='ltr'>  </span> 
     </span>
     <span class='ocr_line' id='line_1_4' title="bbox 71 482 489 624; baseline 0 0"><span class='ocrx_word' id='word_1_6' title='bbox 71 482 489 624; x_wconf 95' lang='lat' dir='ltr'>   </span> 
     </span>
     <span class='ocr_line' id='line_1_5' title="bbox 71 624 492 840; baseline 0 -28"><span class='ocrx_word' id='word_1_7' title='bbox 71 624 489 840; x_wconf 95' lang='lat' dir='ltr'>   </span> <span class='ocrx_word' id='word_1_8' title='bbox 367 751 492 840; x_wconf 95' lang='lat' dir='ltr'>  </span> 
     </span>
     <span class='ocr_line' id='line_1_6' title="bbox 71 840 492 949; baseline 0 -4"><span class='ocrx_word' id='word_1_9' title='bbox 71 840 492 949; x_wconf 95' lang='lat' dir='ltr'>      </span> 
     </span>
     <span class='ocr_line' id='line_1_7' title="bbox 71 949 492 1100; baseline 0 -46"><span class='ocrx_word' id='word_1_10' title='bbox 71 949 196 1100; x_wconf 95' lang='lat' dir='ltr'>   </span> <span class='ocrx_word' id='word_1_11' title='bbox 471 949 492 1100; x_wconf 95' lang='lat' dir='ltr'>   </span> 
     </span>
     <span class='ocr_line' id='line_1_8' title="bbox 71 1100 492 1441; baseline 0 -288"><span class='ocrx_word' id='word_1_12' title='bbox 71 1100 492 1441; x_wconf 95' lang='lat' dir='ltr'>     </span> 
     </span>
     <span class='ocr_line' id='line_1_9' title="bbox 71 1441 492 1739; baseline 0 -238"><span class='ocrx_word' id='word_1_13' title='bbox 71 1441 492 1739; x_wconf 95' lang='lat' dir='ltr'>       </span> 
     </span>
     <span class='ocr_line' id='line_1_10' title="bbox 71 1739 492 1898; baseline 0 0"><span class='ocrx_word' id='word_1_14' title='bbox 71 1739 196 1898; x_wconf 95' lang='lat' dir='ltr'>   </span> <span class='ocrx_word' id='word_1_15' title='bbox 471 1739 492 1898; x_wconf 95' lang='lat' dir='ltr'>   </span> 
     </span>
     <span class='ocr_line' id='line_1_11' title="bbox 71 1898 492 2051; baseline 0.007 -62"><span class='ocrx_word' id='word_1_16' title='bbox 71 1898 196 2051; x_wconf 95' lang='lat' dir='ltr'>   </span> <span class='ocrx_word' id='word_1_17' title='bbox 471 1898 492 1995; x_wconf 95' lang='lat' dir='ltr'>  </span> 
     </span>
    </p>
   </div>
   <div class='ocr_carea' id='block_1_4' title="bbox 1373 399 1616 423">
    <p class='ocr_par' dir='ltr' id='par_1_4' title="bbox 1373 399 1616 423">
     <span class='ocr_line' id='line_1_12' title="bbox 1373 399 1616 423; baseline 0.016 -4"><span class='ocrx_word' id='word_1_18' title='bbox 1373 399 1416 419; x_wconf 74' lang='lat' dir='ltr'>Ex</span> <span class='ocrx_word' id='word_1_19' title='bbox 1427 400 1594 423; x_wconf 71' lang='lat' dir='ltr'>TYPOGRA-</span> <span class='ocrx_word' id='word_1_20' title='bbox 1612 409 1616 413; x_wconf 68' lang='grc'><em>’</em></span> 
     </span>
    </p>
   </div>
   <div class='ocr_carea' id='block_1_5' title="bbox 1145 452 1623 530">
    <p class='ocr_par' dir='ltr' id='par_1_5' title="bbox 1145 452 1623 530">
     <span class='ocr_line' id='line_1_13' title="bbox 1145 452 1623 477; baseline 0.01 -6"><span class='ocrx_word' id='word_1_21' title='bbox 1145 455 1259 477; x_wconf 57' lang='lat' dir='ltr'>Annus.</span> <span class='ocrx_word' id='word_1_22' title='bbox 1345 452 1425 473; x_wconf 73' lang='lat' dir='ltr'>PHIA</span> <span class='ocrx_word' id='word_1_23' title='bbox 1442 454 1623 476; x_wconf 78' lang='lat' dir='ltr'>SOCIETATIS</span> 
     </span>
     <span class='ocr_line' id='line_1_14' title="bbox 1389 506 1587 530; baseline 0.025 -5"><span class='ocrx_word' id='word_1_24' title='bbox 1389 506 1587 530; x_wconf 70' lang='lat' dir='ltr'>BIPON&#39;HNAE.</span> 
     </span>
    </p>
   </div>
   <div class='ocr_carea' id='block_1_6' title="bbox 489 421 764 498">
    <p class='ocr_par' dir='ltr' id='par_1_6' title="bbox 489 421 764 498">
     <span class='ocr_line' id='line_1_15' title="bbox 489 421 764 442; baseline 0.007 -2"><span class='ocrx_word' id='word_1_25' title='bbox 489 421 612 441; x_wconf 77' lang='lat' dir='ltr'>PAULUS</span> <span class='ocrx_word' id='word_1_26' title='bbox 627 421 764 442; x_wconf 63' lang='lat' dir='ltr'>Flu-BEN-</span> 
     </span>
     <span class='ocr_line' id='line_1_16' title="bbox 559 476 696 498; baseline 0.015 -2"><span class='ocrx_word' id='word_1_27' title='bbox 559 476 696 498; x_wconf 75' lang='lat' dir='ltr'>PERGER.</span> 
     </span>
    </p>
   </div>
   <div class='ocr_carea' id='block_1_7' title="bbox 787 422 1036 497">
    <p class='ocr_par' dir='ltr' id='par_1_7' title="bbox 787 422 1036 497">
     <span class='ocr_line' id='line_1_17' title="bbox 787 422 1036 444; baseline 0.008 -2"><span class='ocrx_word' id='word_1_28' title='bbox 787 422 980 444; x_wconf 73' lang='lat' dir='ltr'>THEODORUS</span> <span class='ocrx_word' id='word_1_29' title='bbox 994 423 1036 444; x_wconf 73' lang='lat' dir='ltr'>m:</span> 
     </span>
     <span class='ocr_line' id='line_1_18' title="bbox 787 476 1028 497; baseline 0.004 -1"><span class='ocrx_word' id='word_1_30' title='bbox 787 476 1028 497; x_wconf 72' lang='lat' dir='ltr'>RAGAzmuBUS.</span> 
     </span>
    </p>
   </div>
   <div class='ocr_carea' id='block_1_8' title="bbox 474 438 489 482">
    <p class='ocr_par' dir='ltr' id='par_1_8' title="bbox 474 438 489 482">
     <span class='ocr_line' id='line_1_19' title="bbox 474 438 489 482; baseline 0 -30"><span class='ocrx_word' id='word_1_31' title='bbox 474 438 489 482; x_wconf 95' lang='lat' dir='ltr'>  </span> 
     </span>
    </p>
   </div>
   <div class='ocr_carea' id='block_1_9' title="bbox 237 449 443 471">
    <p class='ocr_par' dir='ltr' id='par_1_9' title="bbox 237 449 443 471">
     <span class='ocr_line' id='line_1_20' title="bbox 237 449 443 471; baseline 0.005 -1"><span class='ocrx_word' id='word_1_32' title='bbox 237 449 414 471; x_wconf 70' lang='lat' dir='ltr'>FBRRANDU</span> <span class='ocrx_word' id='word_1_33' title='bbox 420 452 443 471; x_wconf 87' lang='lat' dir='ltr'>S.</span> 
     </span>
    </p>
   </div>
   <div class='ocr_carea' id='block_1_10' title="bbox 765 379 771 553">
    <p class='ocr_par' dir='ltr' id='par_1_10' title="bbox 765 379 771 553">
     <span class='ocr_line' id='line_1_21' title="bbox 765 379 771 553; baseline 0 0"><span class='ocrx_word' id='word_1_34' title='bbox 765 379 771 553; x_wconf 95' lang='lat' dir='ltr'> </span> 
     </span>
    </p>
   </div>
   <div class='ocr_carea' id='block_1_11' title="bbox 276 576 1268 613">
    <p class='ocr_par' dir='ltr' id='par_1_11' title="bbox 276 576 1268 613">
     <span class='ocr_line' id='line_1_22' title="bbox 276 576 1268 613; baseline 0.006 -8"><span class='ocrx_word' id='word_1_35' title='bbox 276 576 405 608; x_wconf 78' lang='lat' dir='ltr'>Brixiae.</span> <span class='ocrx_word' id='word_1_36' title='bbox 554 578 687 608; x_wconf 81' lang='lat' dir='ltr'>Veronae.</span> <span class='ocrx_word' id='word_1_37' title='bbox 844 581 986 613; x_wconf 71' lang='lat' dir='ltr'>Venetiis.</span> <span class='ocrx_word' id='word_1_38' title='bbox 1126 581 1268 611; x_wconf 60' lang='lat' dir='ltr'>Venetus.</span> 
     </span>
    </p>
   </div>
   <div class='ocr_carea' id='block_1_12' title="bbox 765 556 773 730">
    <p class='ocr_par' dir='ltr' id='par_1_12' title="bbox 765 556 773 730">
     <span class='ocr_line' id='line_1_23' title="bbox 765 556 773 730; baseline 0 2584"><span class='ocrx_word' id='word_1_39' title='bbox 765 556 773 730; x_wconf 95' lang='lat' dir='ltr'> </span> 
     </span>
    </p>
   </div>
   <div class='ocr_carea' id='block_1_13' title="bbox 1341 538 1638 805">
    <p class='ocr_par' dir='ltr' id='par_1_13' title="bbox 1341 538 1638 805">
     <span class='ocr_line' id='line_1_24' title="bbox 1341 538 1638 805; baseline 0 2509"><span class='ocrx_word' id='word_1_40' title='bbox 1341 538 1638 805; x_wconf 95' lang='lat' dir='ltr'> </span> 
     </span>
    </p>
   </div>
   <div class='ocr_carea' id='block_1_14' title="bbox 219 671 956 800">
    <p class='ocr_par' dir='ltr' id='par_1_14' title="bbox 219 671 956 800">
     <span class='ocr_line' id='line_1_25' title="bbox 584 671 956 703; baseline 0.011 -5"><span class='ocrx_word' id='word_1_41' title='bbox 584 673 598 697; x_wconf 92' lang='grc'><strong>1</strong></span> <span class='ocrx_word' id='word_1_42' title='bbox 603 671 670 699; x_wconf 80' lang='lat'>486.</span> <span class='ocrx_word' id='word_1_43' title='bbox 872 673 956 703; x_wconf 82' lang='lat'>1495.</span> 
     </span>
     <span class='ocr_line' id='line_1_26' title="bbox 219 766 941 800; baseline 0.007 -15"><span class='ocrx_word' id='word_1_44' title='bbox 219 766 367 797; x_wconf 80' lang='lat' dir='ltr'>supraque</span> <span class='ocrx_word' id='word_1_45' title='bbox 505 767 653 796; x_wconf 85' lang='lat' dir='ltr'>supraque</span> <span class='ocrx_word' id='word_1_46' title='bbox 793 769 941 800; x_wconf 84' lang='lat' dir='ltr'>supraque</span> 
     </span>
    </p>
   </div>
   <div class='ocr_carea' id='block_1_15' title="bbox 160 811 358 1187">
    <p class='ocr_par' dir='ltr' id='par_1_15' title="bbox 221 811 317 886">
     <span class='ocr_line' id='line_1_27' title="bbox 221 811 317 837; baseline 0.021 -1"><span class='ocrx_word' id='word_1_47' title='bbox 221 811 317 837; x_wconf 86' lang='lat' dir='ltr'>terras</span> 
     </span>
     <span class='ocr_line' id='line_1_28' title="bbox 221 855 301 886; baseline 0.013 -1"><span class='ocrx_word' id='word_1_48' title='bbox 221 855 301 886; x_wconf 73' lang='lat' dir='ltr'>deest</span> 
     </span>
    </p>

    <p class='ocr_par' dir='ltr' id='par_1_16' title="bbox 160 912 337 1039">
     <span class='ocr_line' id='line_1_29' title="bbox 160 912 306 936; baseline 0.021 -2"><span class='ocrx_word' id='word_1_49' title='bbox 160 912 172 919; x_wconf 75' lang='grc'><em>”</em></span> <span class='ocrx_word' id='word_1_50' title='bbox 220 917 306 936; x_wconf 86' lang='lat' dir='ltr'>rosea</span> 
     </span>
     <span class='ocr_line' id='line_1_30' title="bbox 220 962 337 988; baseline 0.009 -1"><span class='ocrx_word' id='word_1_51' title='bbox 220 962 337 988; x_wconf 87' lang='lat' dir='ltr'>matura</span> 
     </span>
     <span class='ocr_line' id='line_1_31' title="bbox 219 1008 315 1039; baseline 0.01 -1"><span class='ocrx_word' id='word_1_52' title='bbox 219 1008 315 1039; x_wconf 88' lang='lat' dir='ltr'>defert</span> 
     </span>
    </p>

    <p class='ocr_par' dir='ltr' id='par_1_17' title="bbox 220 1064 252 1088">
     <span class='ocr_line' id='line_1_32' title="bbox 220 1064 252 1088; baseline 0.031 -1"><span class='ocrx_word' id='word_1_53' title='bbox 220 1064 252 1088; x_wconf 90' lang='lat' dir='ltr'>et</span> 
     </span>
    </p>

    <p class='ocr_par' dir='ltr' id='par_1_18' title="bbox 220 1107 358 1187">
     <span class='ocr_line' id='line_1_33' title="bbox 220 1107 358 1138; baseline 0.007 -1"><span class='ocrx_word' id='word_1_54' title='bbox 220 1107 265 1137; x_wconf 89' lang='lat' dir='ltr'>sol</span> <span class='ocrx_word' id='word_1_55' title='bbox 282 1107 358 1138; x_wconf 85' lang='lat' dir='ltr'>idem</span> 
     </span>
     <span class='ocr_line' id='line_1_34' title="bbox 220 1157 327 1187; baseline -0.009 0"><span class='ocrx_word' id='word_1_56' title='bbox 220 1157 327 1187; x_wconf 84' lang='lat' dir='ltr'>caelum</span> 
     </span>
    </p>
   </div>
   <div class='ocr_carea' id='block_1_16' title="bbox 1365 814 1502 1190">
    <p class='ocr_par' dir='ltr' id='par_1_19' title="bbox 1365 814 1482 1091">
     <span class='ocr_line' id='line_1_35' title="bbox 1365 814 1462 840; baseline 0.01 -1"><span class='ocrx_word' id='word_1_57' title='bbox 1365 814 1462 840; x_wconf 84' lang='lat' dir='ltr'>terras</span> 
     </span>
     <span class='ocr_line' id='line_1_36' title="bbox 1368 870 1434 898; baseline 0.015 -10"><span class='ocrx_word' id='word_1_58' title='bbox 1368 870 1434 898; x_wconf 85' lang='lat' dir='ltr'>quae</span> 
     </span>
     <span class='ocr_line' id='line_1_37' title="bbox 1367 919 1482 939; baseline 0 0"><span class='ocrx_word' id='word_1_59' title='bbox 1367 919 1482 939; x_wconf 83' lang='lat' dir='ltr'>roseam</span> 
     </span>
     <span class='ocr_line' id='line_1_38' title="bbox 1366 965 1482 991; baseline 0 -1"><span class='ocrx_word' id='word_1_60' title='bbox 1366 965 1482 991; x_wconf 86' lang='lat' dir='ltr'>matuta</span> 
     </span>
     <span class='ocr_line' id='line_1_39' title="bbox 1366 1011 1464 1041; baseline 0.01 -1"><span class='ocrx_word' id='word_1_61' title='bbox 1366 1011 1464 1041; x_wconf 85' lang='lat' dir='ltr'>desert</span> 
     </span>
     <span class='ocr_line' id='line_1_40' title="bbox 1367 1066 1401 1091; baseline -0.029 0"><span class='ocrx_word' id='word_1_62' title='bbox 1367 1066 1401 1091; x_wconf 87' lang='lat' dir='ltr'>et</span> 
     </span>
    </p>

    <p class='ocr_par' dir='ltr' id='par_1_20' title="bbox 1367 1111 1502 1190">
     <span class='ocr_line' id='line_1_41' title="bbox 1367 1111 1502 1141; baseline 0.007 -1"><span class='ocrx_word' id='word_1_63' title='bbox 1367 1111 1413 1141; x_wconf 89' lang='lat' dir='ltr'>sol</span> <span class='ocrx_word' id='word_1_64' title='bbox 1426 1111 1502 1141; x_wconf 90' lang='lat' dir='ltr'>idem</span> 
     </span>
     <span class='ocr_line' id='line_1_42' title="bbox 1367 1160 1473 1190; baseline -0.009 0"><span class='ocrx_word' id='word_1_65' title='bbox 1367 1160 1473 1190; x_wconf 84' lang='lat' dir='ltr'>coelum</span> 
     </span>
    </p>
   </div>
   <div class='ocr_carea' id='block_1_17' title="bbox 1046 625 1339 1450">
    <p class='ocr_par' dir='ltr' id='par_1_21' title="bbox 1046 625 1339 1450">
     <span class='ocr_line' id='line_1_43' title="bbox 1046 625 1339 1450; baseline 0 0"><span class='ocrx_word' id='word_1_66' title='bbox 1046 625 1339 1450; x_wconf 95' lang='lat' dir='ltr'> </span> 
     </span>
    </p>
   </div>
   <div class='ocr_carea' id='block_1_18' title="bbox 505 1419 1512 1487">
    <p class='ocr_par' dir='ltr' id='par_1_22' title="bbox 505 1419 1512 1487">
     <span class='ocr_line' id='line_1_44' title="bbox 1364 1419 1461 1448; baseline 0.01 -11"><span class='ocrx_word' id='word_1_67' title='bbox 1364 1419 1461 1448; x_wconf 72' lang='lat' dir='ltr'>igneis</span> 
     </span>
     <span class='ocr_line' id='line_1_45' title="bbox 505 1455 1512 1487; baseline 0.003 -3"><span class='ocrx_word' id='word_1_68' title='bbox 505 1455 631 1486; x_wconf 89' lang='lat' dir='ltr'>conficte</span> <span class='ocrx_word' id='word_1_69' title='bbox 791 1455 917 1486; x_wconf 84' lang='lat' dir='ltr'>conficte</span> <span class='ocrx_word' id='word_1_70' title='bbox 1078 1457 1221 1487; x_wconf 87' lang='lat' dir='ltr'>conficere</span> <span class='ocrx_word' id='word_1_71' title='bbox 1365 1457 1512 1487; x_wconf 87' lang='lat' dir='ltr'>conficere</span> 
     </span>
    </p>
   </div>
   <div class='ocr_carea' id='block_1_19' title="bbox 504 1504 1196 1596">
    <p class='ocr_par' dir='ltr' id='par_1_23' title="bbox 504 1504 1196 1596">
     <span class='ocr_line' id='line_1_46' title="bbox 504 1504 1142 1537; baseline 0.005 -3"><span class='ocrx_word' id='word_1_72' title='bbox 504 1505 561 1534; x_wconf 91' lang='lat' dir='ltr'>hec</span> <span class='ocrx_word' id='word_1_73' title='bbox 791 1504 859 1535; x_wconf 86' lang='lat' dir='ltr'>haec</span> <span class='ocrx_word' id='word_1_74' title='bbox 1079 1508 1142 1537; x_wconf 82' lang='lat' dir='ltr'>haec</span> 
     </span>
     <span class='ocr_line' id='line_1_47' title="bbox 506 1554 1196 1596; baseline 0.004 -12"><span class='ocrx_word' id='word_1_75' title='bbox 506 1555 601 1594; x_wconf 85' lang='lat' dir='ltr'>possit</span> <span class='ocrx_word' id='word_1_76' title='bbox 791 1554 888 1593; x_wconf 86' lang='lat' dir='ltr'>possit</span> <span class='ocrx_word' id='word_1_77' title='bbox 1078 1557 1196 1596; x_wconf 87' lang='lat' dir='ltr'>possint</span> 
     </span>
    </p>
   </div>
   <div class='ocr_carea' id='block_1_20' title="bbox 215 1456 362 1536">
    <p class='ocr_par' dir='ltr' id='par_1_24' title="bbox 215 1456 362 1536">
     <span class='ocr_line' id='line_1_48' title="bbox 217 1456 362 1486; baseline 0 -1"><span class='ocrx_word' id='word_1_78' title='bbox 217 1456 362 1486; x_wconf 88' lang='lat' dir='ltr'>conficere</span> 
     </span>
     <span class='ocr_line' id='line_1_49' title="bbox 215 1507 279 1536; baseline 0.016 -1"><span class='ocrx_word' id='word_1_79' title='bbox 215 1507 279 1536; x_wconf 86' lang='lat' dir='ltr'>haec</span> 
     </span>
    </p>
   </div>
   <div class='ocr_carea' id='block_1_21' title="bbox 217 1556 333 1595">
    <p class='ocr_par' dir='ltr' id='par_1_25' title="bbox 217 1556 333 1595">
     <span class='ocr_line' id='line_1_50' title="bbox 217 1556 333 1595; baseline 0.009 -11"><span class='ocrx_word' id='word_1_80' title='bbox 217 1556 333 1595; x_wconf 85' lang='lat' dir='ltr'>possint</span> 
     </span>
    </p>
   </div>
   <div class='ocr_carea' id='block_1_22' title="bbox 506 1509 1572 1836">
    <p class='ocr_par' dir='ltr' id='par_1_26' title="bbox 506 1509 1572 1836">
     <span class='ocr_line' id='line_1_51' title="bbox 1364 1509 1429 1537; baseline 0 0"><span class='ocrx_word' id='word_1_81' title='bbox 1364 1509 1429 1537; x_wconf 84' lang='lat' dir='ltr'>haec</span> 
     </span>
     <span class='ocr_line' id='line_1_52' title="bbox 1356 1560 1482 1599; baseline 0.008 -11"><span class='ocrx_word' id='word_1_82' title='bbox 1356 1560 1482 1599; x_wconf 64' lang='lat' dir='ltr'>,possint</span> 
     </span>
     <span class='ocr_line' id='line_1_53' title="bbox 1364 1619 1434 1648; baseline 0 -10"><span class='ocrx_word' id='word_1_83' title='bbox 1364 1619 1434 1648; x_wconf 88' lang='lat' dir='ltr'>quae</span> 
     </span>
     <span class='ocr_line' id='line_1_54' title="bbox 1363 1657 1444 1687; baseline 0.012 -2"><span class='ocrx_word' id='word_1_84' title='bbox 1363 1657 1444 1687; x_wconf 74' lang='lat' dir='ltr'>deest</span> 
     </span>
     <span class='ocr_line' id='line_1_55' title="bbox 506 1704 1161 1736; baseline 0.005 -3"><span class='ocrx_word' id='word_1_85' title='bbox 506 1704 605 1733; x_wconf 87' lang='lat' dir='ltr'>florem</span> <span class='ocrx_word' id='word_1_86' title='bbox 793 1704 893 1733; x_wconf 87' lang='lat' dir='ltr'>florem</span> <span class='ocrx_word' id='word_1_87' title='bbox 1079 1711 1161 1736; x_wconf 89' lang='lat' dir='ltr'>certo</span> 
     </span>
     <span class='ocr_line' id='line_1_56' title="bbox 506 1752 1572 1787; baseline 0.002 -3"><span class='ocrx_word' id='word_1_88' title='bbox 506 1754 587 1784; x_wconf 74' lang='lat' dir='ltr'>deest</span> <span class='ocrx_word' id='word_1_89' title='bbox 600 1764 706 1784; x_wconf 75' lang='lat' dir='ltr'>versus</span> <span class='ocrx_word' id='word_1_90' title='bbox 792 1752 874 1782; x_wconf 76' lang='lat' dir='ltr'>deest</span> <span class='ocrx_word' id='word_1_91' title='bbox 886 1762 992 1783; x_wconf 71' lang='lat' dir='ltr'>versus</span> <span class='ocrx_word' id='word_1_92' title='bbox 1080 1757 1216 1786; x_wconf 79' lang='lat' dir='ltr'>Arbusta</span> <span class='ocrx_word' id='word_1_93' title='bbox 1229 1756 1285 1787; x_wconf 61' lang='grc' dir='ltr'>διε,</span> <span class='ocrx_word' id='word_1_94' title='bbox 1364 1758 1500 1787; x_wconf 82' lang='lat' dir='ltr'>Arbusta</span> <span class='ocrx_word' id='word_1_95' title='bbox 1515 1757 1572 1787; x_wconf 74' lang='lat' dir='ltr'>&amp;c-</span> 
     </span>
     <span class='ocr_line' id='line_1_57' title="bbox 507 1802 1490 1836; baseline 0.002 -2"><span class='ocrx_word' id='word_1_96' title='bbox 507 1805 537 1834; x_wconf 91' lang='lat' dir='ltr'>in</span> <span class='ocrx_word' id='word_1_97' title='bbox 551 1809 634 1834; x_wconf 88' lang='lat' dir='ltr'>certo</span> <span class='ocrx_word' id='word_1_98' title='bbox 758 1834 761 1836; x_wconf 93' lang='grc'><em>,</em></span> <span class='ocrx_word' id='word_1_99' title='bbox 792 1802 822 1831; x_wconf 79' lang='lat' dir='ltr'>in</span> <span class='ocrx_word' id='word_1_100' title='bbox 836 1805 918 1831; x_wconf 70' lang='lat' dir='ltr'>certo</span> <span class='ocrx_word' id='word_1_101' title='bbox 1079 1807 1192 1836; x_wconf 87' lang='lat' dir='ltr'>incerto</span> <span class='ocrx_word' id='word_1_102' title='bbox 1363 1807 1394 1836; x_wconf 87' lang='lat' dir='ltr'>iu</span> <span class='ocrx_word' id='word_1_103' title='bbox 1408 1812 1490 1836; x_wconf 86' lang='lat' dir='ltr'>certo</span> 
     </span>
    </p>
   </div>
   <div class='ocr_carea' id='block_1_23' title="bbox 506 1851 1480 1886">
    <p class='ocr_par' dir='ltr' id='par_1_27' title="bbox 506 748 1480 2958">
     <span class='ocr_line' id='line_1_58' title="bbox 506 1851 1480 1886; baseline 0.003 -2"><span class='ocrx_word' id='word_1_104' title='bbox 506 1855 610 1885; x_wconf 85' lang='lat' dir='ltr'>dentes</span> <span class='ocrx_word' id='word_1_105' title='bbox 792 1851 897 1881; x_wconf 75' lang='lat' dir='ltr'>dentes</span> <span class='ocrx_word' id='word_1_106' title='bbox 1079 1856 1185 1886; x_wconf 83' lang='lat' dir='ltr'>dentes</span> <span class='ocrx_word' id='word_1_107' title='bbox 1363 1856 1480 1886; x_wconf 82' lang='lat' dir='ltr'>denteis</span> 
     </span>
    </p>
   </div>
   <div class='ocr_carea' id='block_1_24' title="bbox 152 1713 1448 2931">
    <p class='ocr_par' dir='ltr' id='par_1_28' title="bbox 152 1713 1448 2134">
     <span class='ocr_line' id='line_1_59' title="bbox 1364 1713 1448 1737; baseline -0.012 0"><span class='ocrx_word' id='word_1_108' title='bbox 1364 1713 1448 1737; x_wconf 82' lang='lat' dir='ltr'>certo</span> 
     </span>
     <span class='ocr_line' id='line_1_60' title="bbox 152 1754 424 1788; baseline 0.011 -6"><span class='ocrx_word' id='word_1_109' title='bbox 152 1762 170 1788; x_wconf 94' lang='lat'>0</span> <span class='ocrx_word' id='word_1_110' title='bbox 219 1755 355 1784; x_wconf 82' lang='lat' dir='ltr'>Arbusta</span> <span class='ocrx_word' id='word_1_111' title='bbox 368 1754 424 1785; x_wconf 58' lang='lat' dir='ltr'>&amp;a</span> 
     </span>
     <span class='ocr_line' id='line_1_61' title="bbox 218 1804 333 1834; baseline 0 0"><span class='ocrx_word' id='word_1_112' title='bbox 218 1804 333 1834; x_wconf 90' lang='lat' dir='ltr'>incerto</span> 
     </span>
     <span class='ocr_line' id='line_1_62' title="bbox 218 1855 323 1884; baseline 0.01 -1"><span class='ocrx_word' id='word_1_113' title='bbox 218 1855 323 1884; x_wconf 86' lang='lat' dir='ltr'>dentes</span> 
     </span>
     <span class='ocr_line' id='line_1_63' title="bbox 217 1904 368 1934; baseline 0.007 -1"><span class='ocrx_word' id='word_1_114' title='bbox 217 1904 368 1934; x_wconf 83' lang='lat' dir='ltr'>dimittere</span> 
     </span>
     <span class='ocr_line' id='line_1_64' title="bbox 219 1955 305 1985; baseline 0.012 -1"><span class='ocrx_word' id='word_1_115' title='bbox 219 1955 305 1985; x_wconf 87' lang='lat' dir='ltr'>nimis</span> 
     </span>
     <span class='ocr_line' id='line_1_65' title="bbox 217 2005 339 2036; baseline 0 -1"><span class='ocrx_word' id='word_1_116' title='bbox 217 2005 339 2036; x_wconf 73' lang='lat' dir='ltr'>incertis</span> 
     </span>
     <span class='ocr_line' id='line_1_66' title="bbox 219 2055 359 2094; baseline 0 -10"><span class='ocrx_word' id='word_1_117' title='bbox 219 2055 359 2094; x_wconf 85' lang='lat' dir='ltr'>Namque</span> 
     </span>
     <span class='ocr_line' id='line_1_67' title="bbox 216 2105 338 2134; baseline 0 0"><span class='ocrx_word' id='word_1_118' title='bbox 216 2105 338 2134; x_wconf 79' lang='lat' dir='ltr'>fuerunt</span> 
     </span>
    </p>

    <p class='ocr_par' dir='ltr' id='par_1_29' title="bbox 216 2154 259 2183">
     <span class='ocr_line' id='line_1_68' title="bbox 216 2154 259 2183; baseline 0 0"><span class='ocrx_word' id='word_1_119' title='bbox 216 2154 259 2183; x_wconf 88' lang='lat' dir='ltr'>ita</span> 
     </span>
    </p>

    <p class='ocr_par' dir='ltr' id='par_1_30' title="bbox 216 2203 416 2432">
     <span class='ocr_line' id='line_1_69' title="bbox 216 2203 325 2233; baseline 0 0"><span class='ocrx_word' id='word_1_120' title='bbox 216 2203 325 2233; x_wconf 89' lang='lat' dir='ltr'>munda</span> 
     </span>
     <span class='ocr_line' id='line_1_70' title="bbox 217 2253 416 2293; baseline 0 -11"><span class='ocrx_word' id='word_1_121' title='bbox 217 2253 416 2293; x_wconf 85' lang='lat' dir='ltr'>Consequitur</span> 
     </span>
     <span class='ocr_line' id='line_1_71' title="bbox 216 2313 333 2342; baseline 0 -10"><span class='ocrx_word' id='word_1_122' title='bbox 216 2313 333 2342; x_wconf 88' lang='lat' dir='ltr'>quoque</span> 
     </span>
     <span class='ocr_line' id='line_1_72' title="bbox 217 2352 358 2382; baseline 0.014 -2"><span class='ocrx_word' id='word_1_123' title='bbox 217 2352 358 2382; x_wconf 78' lang='lat' dir='ltr'>exordiae</span> 
     </span>
     <span class='ocr_line' id='line_1_73' title="bbox 217 2402 289 2432; baseline 0.014 -1"><span class='ocrx_word' id='word_1_124' title='bbox 217 2402 289 2432; x_wconf 82' lang='lat' dir='ltr'>licet</span> 
     </span>
    </p>

    <p class='ocr_par' dir='ltr' id='par_1_31' title="bbox 215 2456 383 2791">
     <span class='ocr_line' id='line_1_74' title="bbox 218 2456 320 2481; baseline 0.01 -1"><span class='ocrx_word' id='word_1_125' title='bbox 218 2456 320 2481; x_wconf 88' lang='lat' dir='ltr'>noctes</span> 
     </span>
     <span class='ocr_line' id='line_1_75' title="bbox 216 2506 365 2531; baseline 0 -1"><span class='ocrx_word' id='word_1_126' title='bbox 216 2506 365 2531; x_wconf 85' lang='lat' dir='ltr'>summant</span> 
     </span>
     <span class='ocr_line' id='line_1_76' title="bbox 217 2550 338 2590; baseline 0.008 -11"><span class='ocrx_word' id='word_1_127' title='bbox 217 2550 338 2590; x_wconf 84' lang='lat' dir='ltr'>agmina</span> 
     </span>
     <span class='ocr_line' id='line_1_77' title="bbox 215 2605 319 2631; baseline 0.01 -1"><span class='ocrx_word' id='word_1_128' title='bbox 215 2605 319 2631; x_wconf 84' lang='lat' dir='ltr'>noctes</span> 
     </span>
     <span class='ocr_line' id='line_1_78' title="bbox 216 2662 350 2691; baseline 0.007 -11"><span class='ocrx_word' id='word_1_129' title='bbox 216 2662 350 2691; x_wconf 85' lang='lat' dir='ltr'>snpernae</span> 
     </span>
     <span class='ocr_line' id='line_1_79' title="bbox 217 2702 383 2742; baseline 0 -11"><span class='ocrx_word' id='word_1_130' title='bbox 217 2702 383 2742; x_wconf 83' lang='lat' dir='ltr'>Imparibus</span> 
     </span>
     <span class='ocr_line' id='line_1_80' title="bbox 215 2751 313 2791; baseline 0.01 -10"><span class='ocrx_word' id='word_1_131' title='bbox 215 2751 313 2791; x_wconf 88' lang='lat' dir='ltr'>partis</span> 
     </span>
    </p>

    <p class='ocr_par' dir='ltr' id='par_1_32' title="bbox 216 2801 388 2881">
     <span class='ocr_line' id='line_1_81' title="bbox 216 2801 388 2832; baseline 0.012 -2"><span class='ocrx_word' id='word_1_132' title='bbox 216 2801 246 2830; x_wconf 89' lang='lat' dir='ltr'>in</span> <span class='ocrx_word' id='word_1_133' title='bbox 261 2801 388 2832; x_wconf 82' lang='lat' dir='ltr'>adversa</span> 
     </span>
     <span class='ocr_line' id='line_1_82' title="bbox 216 2851 321 2881; baseline 0 0"><span class='ocrx_word' id='word_1_134' title='bbox 216 2851 321 2881; x_wconf 88' lang='lat' dir='ltr'>Donec</span> 
     </span>
    </p>

    <p class='ocr_par' dir='ltr' id='par_1_33' title="bbox 216 2902 279 2931">
     <span class='ocr_line' id='line_1_83' title="bbox 216 2902 279 2931; baseline 0 0"><span class='ocrx_word' id='word_1_135' title='bbox 216 2902 279 2931; x_wconf 84' lang='lat' dir='ltr'>caeli</span> 
     </span>
    </p>
   </div>
   <div class='ocr_carea' id='block_1_25' title="bbox 503 1901 1520 2931">
    <p class='ocr_par' dir='ltr' id='par_1_34' title="bbox 503 1901 1520 2931">
     <span class='ocr_line' id='line_1_84' title="bbox 505 1901 1520 1935; baseline 0 0"><span class='ocrx_word' id='word_1_136' title='bbox 505 1905 656 1935; x_wconf 87' lang='lat' dir='ltr'>dimittere</span> <span class='ocrx_word' id='word_1_137' title='bbox 792 1901 941 1931; x_wconf 75' lang='lat' dir='ltr'>dimittere</span> <span class='ocrx_word' id='word_1_138' title='bbox 1079 1905 1228 1935; x_wconf 82' lang='lat' dir='ltr'>dimittere</span> <span class='ocrx_word' id='word_1_139' title='bbox 1361 1906 1520 1935; x_wconf 80' lang='lat' dir='ltr'>demittere</span> 
     </span>
     <span class='ocr_line' id='line_1_85' title="bbox 505 1951 1451 1985; baseline -0.001 -1"><span class='ocrx_word' id='word_1_140' title='bbox 505 1955 593 1984; x_wconf 83' lang='lat' dir='ltr'>nimis</span> <span class='ocrx_word' id='word_1_141' title='bbox 793 1951 881 1981; x_wconf 77' lang='lat' dir='ltr'>nimis</span> <span class='ocrx_word' id='word_1_142' title='bbox 1079 1955 1175 1985; x_wconf 87' lang='lat' dir='ltr'>minus</span> <span class='ocrx_word' id='word_1_143' title='bbox 1363 1955 1451 1985; x_wconf 87' lang='lat' dir='ltr'>nimis</span> 
     </span>
     <span class='ocr_line' id='line_1_86' title="bbox 506 2001 1199 2035; baseline 0.003 -2"><span class='ocrx_word' id='word_1_144' title='bbox 506 2005 535 2034; x_wconf 87' lang='lat' dir='ltr'>in</span> <span class='ocrx_word' id='word_1_145' title='bbox 551 2005 641 2035; x_wconf 76' lang='lat' dir='ltr'>certis</span> <span class='ocrx_word' id='word_1_146' title='bbox 791 2001 823 2030; x_wconf 74' lang='lat' dir='ltr'>in</span> <span class='ocrx_word' id='word_1_147' title='bbox 837 2001 928 2030; x_wconf 69' lang='lat' dir='ltr'>certis</span> <span class='ocrx_word' id='word_1_148' title='bbox 1077 2005 1199 2035; x_wconf 83' lang='lat' dir='ltr'>incertis</span> 
     </span>
     <span class='ocr_line' id='line_1_87' title="bbox 506 2050 1212 2095; baseline 0.003 -11"><span class='ocrx_word' id='word_1_149' title='bbox 506 2055 646 2095; x_wconf 81' lang='lat' dir='ltr'>Namque</span> <span class='ocrx_word' id='word_1_150' title='bbox 794 2050 934 2089; x_wconf 69' lang='lat' dir='ltr'>Namque</span> <span class='ocrx_word' id='word_1_151' title='bbox 1081 2055 1112 2084; x_wconf 87' lang='lat' dir='ltr'>N</span> <span class='ocrx_word' id='word_1_152' title='bbox 1115 2067 1212 2095; x_wconf 86' lang='lat' dir='ltr'>anque</span> 
     </span>
     <span class='ocr_line' id='line_1_88' title="bbox 504 2100 1187 2136; baseline 0.001 -2"><span class='ocrx_word' id='word_1_153' title='bbox 504 2105 521 2134; x_wconf 87' lang='lat' dir='ltr'>s</span> <span class='ocrx_word' id='word_1_154' title='bbox 520 2111 625 2136; x_wconf 85' lang='lat' dir='ltr'>uerunt</span> <span class='ocrx_word' id='word_1_155' title='bbox 790 2100 911 2130; x_wconf 78' lang='lat' dir='ltr'>suerum</span> <span class='ocrx_word' id='word_1_156' title='bbox 1077 2104 1187 2134; x_wconf 84' lang='lat' dir='ltr'>fuerint</span> 
     </span>
     <span class='ocr_line' id='line_1_89' title="bbox 504 2151 1122 2186; baseline -0.002 -1"><span class='ocrx_word' id='word_1_157' title='bbox 504 2156 549 2186; x_wconf 82' lang='lat' dir='ltr'>ita</span> <span class='ocrx_word' id='word_1_158' title='bbox 790 2151 833 2181; x_wconf 77' lang='lat' dir='ltr'>ita</span> <span class='ocrx_word' id='word_1_159' title='bbox 1077 2155 1122 2185; x_wconf 84' lang='lat' dir='ltr'>ita</span> 
     </span>
     <span class='ocr_line' id='line_1_90' title="bbox 503 2202 1177 2235; baseline -0.001 0"><span class='ocrx_word' id='word_1_160' title='bbox 503 2205 605 2235; x_wconf 80' lang='lat' dir='ltr'>mundi</span> <span class='ocrx_word' id='word_1_161' title='bbox 790 2202 890 2231; x_wconf 72' lang='lat' dir='ltr'>mundi</span> <span class='ocrx_word' id='word_1_162' title='bbox 1077 2205 1177 2234; x_wconf 83' lang='lat' dir='ltr'>mundj</span> 
     </span>
     <span class='ocr_line' id='line_1_91' title="bbox 505 2252 1276 2296; baseline 0.008 -17"><span class='ocrx_word' id='word_1_163' title='bbox 505 2256 673 2295; x_wconf 71' lang='lat' dir='ltr'>Consequae</span> <span class='ocrx_word' id='word_1_164' title='bbox 791 2252 956 2292; x_wconf 79' lang='lat' dir='ltr'>Consequae</span> <span class='ocrx_word' id='word_1_165' title='bbox 1078 2255 1276 2296; x_wconf 85' lang='lat' dir='ltr'>Consequitur</span> 
     </span>
     <span class='ocr_line' id='line_1_92' title="bbox 504 2305 1249 2347; baseline 0.004 -16"><span class='ocrx_word' id='word_1_166' title='bbox 504 2317 620 2347; x_wconf 76' lang='lat' dir='ltr'>quoque</span> <span class='ocrx_word' id='word_1_167' title='bbox 790 2312 907 2341; x_wconf 83' lang='lat' dir='ltr'>quoque</span> <span class='ocrx_word' id='word_1_168' title='bbox 1079 2305 1249 2344; x_wconf 84' lang='lat' dir='ltr'>quodquest</span> 
     </span>
     <span class='ocr_line' id='line_1_93' title="bbox 504 2351 1233 2385; baseline 0.004 -5"><span class='ocrx_word' id='word_1_169' title='bbox 504 2366 542 2385; x_wconf 73' lang='lat' dir='ltr'>ex</span> <span class='ocrx_word' id='word_1_170' title='bbox 555 2355 658 2385; x_wconf 74' lang='lat' dir='ltr'>ordine</span> <span class='ocrx_word' id='word_1_171' title='bbox 790 2362 828 2381; x_wconf 79' lang='lat' dir='ltr'>ex</span> <span class='ocrx_word' id='word_1_172' title='bbox 841 2351 944 2381; x_wconf 87' lang='lat' dir='ltr'>ordine</span> <span class='ocrx_word' id='word_1_173' title='bbox 1077 2363 1117 2382; x_wconf 82' lang='lat' dir='ltr'>ex</span> <span class='ocrx_word' id='word_1_174' title='bbox 1130 2354 1233 2383; x_wconf 87' lang='lat' dir='ltr'>ordine</span> 
     </span>
     <span class='ocr_line' id='line_1_94' title="bbox 504 2400 1150 2433; baseline -0.002 0"><span class='ocrx_word' id='word_1_175' title='bbox 504 2404 586 2433; x_wconf 76' lang='lat' dir='ltr'>deest</span> <span class='ocrx_word' id='word_1_176' title='bbox 790 2400 871 2429; x_wconf 73' lang='lat' dir='ltr'>deest</span> <span class='ocrx_word' id='word_1_177' title='bbox 1080 2403 1150 2432; x_wconf 84' lang='lat' dir='ltr'>licet</span> 
     </span>
     <span class='ocr_line' id='line_1_95' title="bbox 504 2453 1193 2484; baseline -0.003 -1"><span class='ocrx_word' id='word_1_178' title='bbox 504 2459 607 2484; x_wconf 80' lang='lat' dir='ltr'>noctes</span> <span class='ocrx_word' id='word_1_179' title='bbox 791 2455 893 2479; x_wconf 86' lang='lat' dir='ltr'>noctes</span> <span class='ocrx_word' id='word_1_180' title='bbox 1081 2453 1193 2482; x_wconf 88' lang='lat' dir='ltr'>nocteis</span> 
     </span>
     <span class='ocr_line' id='line_1_96' title="bbox 505 2499 1180 2534; baseline 0.001 -4"><span class='ocrx_word' id='word_1_181' title='bbox 505 2503 586 2533; x_wconf 74' lang='lat' dir='ltr'>deest</span> <span class='ocrx_word' id='word_1_182' title='bbox 598 2514 703 2534; x_wconf 63' lang='lat' dir='ltr'>versus</span> <span class='ocrx_word' id='word_1_183' title='bbox 791 2499 873 2530; x_wconf 68' lang='lat' dir='ltr'>deest</span> <span class='ocrx_word' id='word_1_184' title='bbox 885 2510 990 2530; x_wconf 71' lang='lat' dir='ltr'>versus</span> <span class='ocrx_word' id='word_1_185' title='bbox 1078 2506 1180 2531; x_wconf 80' lang='lat' dir='ltr'>noctes</span> 
     </span>
     <span class='ocr_line' id='line_1_97' title="bbox 1078 2550 1238 2590; baseline 0.019 -12"><span class='ocrx_word' id='word_1_186' title='bbox 1078 2550 1238 2590; x_wconf 74' lang='lat' dir='ltr'>aug-nmina</span> 
     </span>
     <span class='ocr_line' id='line_1_98' title="bbox 1078 2605 1197 2630; baseline 0.008 -1"><span class='ocrx_word' id='word_1_187' title='bbox 1078 2605 1197 2630; x_wconf 82' lang='lat' dir='ltr'>sumant</span> 
     </span>
     <span class='ocr_line' id='line_1_99' title="bbox 506 2659 1205 2692; baseline -0.003 -11"><span class='ocrx_word' id='word_1_188' title='bbox 506 2662 633 2692; x_wconf 87' lang='lat' dir='ltr'>superne</span> <span class='ocrx_word' id='word_1_189' title='bbox 791 2661 919 2692; x_wconf 85' lang='lat' dir='ltr'>superne</span> <span class='ocrx_word' id='word_1_190' title='bbox 1077 2659 1205 2689; x_wconf 87' lang='lat' dir='ltr'>superne</span> 
     </span>
     <span class='ocr_line' id='line_1_100' title="bbox 507 2699 1249 2742; baseline -0.001 -11"><span class='ocrx_word' id='word_1_191' title='bbox 507 2701 674 2742; x_wconf 87' lang='lat' dir='ltr'>Imparibus</span> <span class='ocrx_word' id='word_1_192' title='bbox 790 2702 959 2741; x_wconf 83' lang='lat' dir='ltr'>Imparibus</span> <span class='ocrx_word' id='word_1_193' title='bbox 1079 2700 1116 2728; x_wconf 92' lang='lat' dir='ltr'>In</span> <span class='ocrx_word' id='word_1_194' title='bbox 1129 2699 1249 2740; x_wconf 85' lang='lat' dir='ltr'>paribus</span> 
     </span>
     <span class='ocr_line' id='line_1_101' title="bbox 504 2749 1192 2792; baseline -0.006 -10"><span class='ocrx_word' id='word_1_195' title='bbox 504 2752 599 2792; x_wconf 83' lang='lat' dir='ltr'>partis</span> <span class='ocrx_word' id='word_1_196' title='bbox 792 2751 887 2791; x_wconf 81' lang='lat' dir='ltr'>partis</span> <span class='ocrx_word' id='word_1_197' title='bbox 1079 2749 1192 2789; x_wconf 86' lang='lat' dir='ltr'>parteis</span> 
     </span>
     <span class='ocr_line' id='line_1_102' title="bbox 504 2800 1235 2832; baseline 0 -1"><span class='ocrx_word' id='word_1_198' title='bbox 504 2803 662 2832; x_wconf 78' lang='lat' dir='ltr'>inadversa</span> <span class='ocrx_word' id='word_1_199' title='bbox 791 2802 949 2831; x_wconf 82' lang='lat' dir='ltr'>inadversa</span> <span class='ocrx_word' id='word_1_200' title='bbox 1079 2800 1235 2831; x_wconf 81' lang='lat' dir='ltr'>inadversa</span> 
     </span>
     <span class='ocr_line' id='line_1_103' title="bbox 505 2850 1173 2882; baseline -0.001 -2"><span class='ocrx_word' id='word_1_201' title='bbox 505 2852 611 2882; x_wconf 88' lang='lat' dir='ltr'>Donec</span> <span class='ocrx_word' id='word_1_202' title='bbox 793 2852 897 2881; x_wconf 91' lang='lat' dir='ltr'>Donec</span> <span class='ocrx_word' id='word_1_203' title='bbox 1079 2850 1173 2880; x_wconf 84' lang='lat' dir='ltr'>donec</span> 
     </span>
     <span class='ocr_line' id='line_1_104' title="bbox 505 2899 1147 2931; baseline -0.003 0"><span class='ocrx_word' id='word_1_204' title='bbox 505 2901 567 2931; x_wconf 75' lang='lat' dir='ltr'>caeli</span> <span class='ocrx_word' id='word_1_205' title='bbox 792 2901 855 2930; x_wconf 61' lang='lat' dir='ltr'>catii</span> <span class='ocrx_word' id='word_1_206' title='bbox 1078 2899 1147 2929; x_wconf 67' lang='lat' dir='ltr'>caeli</span> 
     </span>
    </p>
   </div>
   <div class='ocr_carea' id='block_1_26' title="bbox 1356 2004 1506 2093">
    <p class='ocr_par' dir='ltr' id='par_1_35' title="bbox 1356 2004 1506 2093">
     <span class='ocr_line' id='line_1_105' title="bbox 1356 2004 1490 2035; baseline -0.007 -1"><span class='ocrx_word' id='word_1_207' title='bbox 1356 2020 1360 2024; x_wconf 31' lang='grc' dir='ltr'><strong><em>Δ</em></strong></span> <span class='ocrx_word' id='word_1_208' title='bbox 1366 2004 1490 2035; x_wconf 84' lang='lat' dir='ltr'>incertis</span> 
     </span>
     <span class='ocr_line' id='line_1_106' title="bbox 1365 2054 1506 2093; baseline -0.007 -10"><span class='ocrx_word' id='word_1_209' title='bbox 1365 2054 1506 2093; x_wconf 84' lang='lat' dir='ltr'>Namque</span> 
     </span>
    </p>
   </div>
   <div class='ocr_carea' id='block_1_27' title="bbox 71 1995 492 2493">
    <p class='ocr_par' dir='ltr' id='par_1_36' title="bbox 71 1995 492 2493">
     <span class='ocr_line' id='line_1_107' title="bbox 71 1995 492 2197; baseline 0 -84"><span class='ocrx_word' id='word_1_210' title='bbox 71 2051 196 2197; x_wconf 95' lang='lat' dir='ltr'>   </span> <span class='ocrx_word' id='word_1_211' title='bbox 471 1995 492 2197; x_wconf 95' lang='lat' dir='ltr'>    </span> 
     </span>
     <span class='ocr_line' id='line_1_108' title="bbox 71 2197 492 2248; baseline 0 0"><span class='ocrx_word' id='word_1_212' title='bbox 71 2197 196 2248; x_wconf 95' lang='lat' dir='ltr'> </span> <span class='ocrx_word' id='word_1_213' title='bbox 471 2197 492 2248; x_wconf 95' lang='lat' dir='ltr'> </span> 
     </span>
     <span class='ocr_line' id='line_1_109' title="bbox 71 2248 492 2493; baseline 0 -180"><span class='ocrx_word' id='word_1_214' title='bbox 71 2248 196 2493; x_wconf 95' lang='lat' dir='ltr'>     </span> <span class='ocrx_word' id='word_1_215' title='bbox 471 2248 492 2447; x_wconf 95' lang='lat' dir='ltr'>    </span> 
     </span>
    </p>
   </div>
   <div class='ocr_carea' id='block_1_28' title="bbox 1360 2106 1534 2932">
    <p class='ocr_par' dir='ltr' id='par_1_37' title="bbox 1362 2106 1484 2185">
     <span class='ocr_line' id='line_1_110' title="bbox 1362 2106 1484 2136; baseline -0.016 0"><span class='ocrx_word' id='word_1_216' title='bbox 1362 2106 1484 2136; x_wconf 83' lang='lat' dir='ltr'>fuerunt</span> 
     </span>
     <span class='ocr_line' id='line_1_111' title="bbox 1363 2156 1408 2185; baseline 0 0"><span class='ocrx_word' id='word_1_217' title='bbox 1363 2156 1408 2185; x_wconf 77' lang='lat' dir='ltr'>uu·</span> 
     </span>
    </p>

    <p class='ocr_par' dir='ltr' id='par_1_38' title="bbox 1360 2204 1531 2792">
     <span class='ocr_line' id='line_1_112' title="bbox 1362 2204 1464 2234; baseline 0 0"><span class='ocrx_word' id='word_1_218' title='bbox 1362 2204 1464 2234; x_wconf 79' lang='lat' dir='ltr'>mundi</span> 
     </span>
     <span class='ocr_line' id='line_1_113' title="bbox 1363 2255 1522 2293; baseline -0.006 -9"><span class='ocrx_word' id='word_1_219' title='bbox 1363 2255 1522 2293; x_wconf 79' lang='lat' dir='ltr'>consequa</span> 
     </span>
     <span class='ocr_line' id='line_1_114' title="bbox 1363 2303 1513 2334; baseline -0.007 0"><span class='ocrx_word' id='word_1_220' title='bbox 1363 2303 1513 2334; x_wconf 84' lang='lat' dir='ltr'>natura&#39;st</span> 
     </span>
     <span class='ocr_line' id='line_1_115' title="bbox 1360 2354 1518 2384; baseline -0.006 -1"><span class='ocrx_word' id='word_1_221' title='bbox 1360 2365 1400 2383; x_wconf 86' lang='lat' dir='ltr'>ex</span> <span class='ocrx_word' id='word_1_222' title='bbox 1415 2354 1518 2384; x_wconf 79' lang='lat' dir='ltr'>ordine</span> 
     </span>
     <span class='ocr_line' id='line_1_116' title="bbox 1362 2403 1433 2432; baseline 0 0"><span class='ocrx_word' id='word_1_223' title='bbox 1362 2403 1433 2432; x_wconf 85' lang='lat' dir='ltr'>licet</span> 
     </span>
     <span class='ocr_line' id='line_1_117' title="bbox 1363 2452 1478 2482; baseline 0 0"><span class='ocrx_word' id='word_1_224' title='bbox 1363 2452 1478 2482; x_wconf 86' lang='lat' dir='ltr'>nocteis</span> 
     </span>
     <span class='ocr_line' id='line_1_118' title="bbox 1363 2505 1484 2531; baseline 0 -1"><span class='ocrx_word' id='word_1_225' title='bbox 1363 2505 1484 2531; x_wconf 81' lang='lat' dir='ltr'>sumant</span> 
     </span>
     <span class='ocr_line' id='line_1_119' title="bbox 1362 2551 1503 2591; baseline 0 -11"><span class='ocrx_word' id='word_1_226' title='bbox 1362 2551 1503 2591; x_wconf 87' lang='lat' dir='ltr'>augmina</span> 
     </span>
     <span class='ocr_line' id='line_1_120' title="bbox 1361 2606 1464 2630; baseline 0.01 -1"><span class='ocrx_word' id='word_1_227' title='bbox 1361 2606 1464 2630; x_wconf 87' lang='lat' dir='ltr'>noctes</span> 
     </span>
     <span class='ocr_line' id='line_1_121' title="bbox 1362 2661 1490 2690; baseline 0.008 -11"><span class='ocrx_word' id='word_1_228' title='bbox 1362 2661 1490 2690; x_wconf 83' lang='lat' dir='ltr'>superne</span> 
     </span>
     <span class='ocr_line' id='line_1_122' title="bbox 1363 2701 1531 2742; baseline 0.006 -11"><span class='ocrx_word' id='word_1_229' title='bbox 1363 2701 1531 2742; x_wconf 84' lang='lat' dir='ltr'>ltnparibus</span> 
     </span>
     <span class='ocr_line' id='line_1_123' title="bbox 1362 2752 1475 2792; baseline -0.009 -10"><span class='ocrx_word' id='word_1_230' title='bbox 1362 2752 1475 2792; x_wconf 87' lang='lat' dir='ltr'>parteis</span> 
     </span>
    </p>

    <p class='ocr_par' dir='ltr' id='par_1_39' title="bbox 1363 2802 1534 2932">
     <span class='ocr_line' id='line_1_124' title="bbox 1363 2802 1534 2832; baseline 0.012 -2"><span class='ocrx_word' id='word_1_231' title='bbox 1363 2802 1393 2831; x_wconf 90' lang='lat' dir='ltr'>in</span> <span class='ocrx_word' id='word_1_232' title='bbox 1406 2802 1534 2832; x_wconf 80' lang='lat' dir='ltr'>adversa</span> 
     </span>
     <span class='ocr_line' id='line_1_125' title="bbox 1364 2852 1511 2882; baseline 0.007 -1"><span class='ocrx_word' id='word_1_233' title='bbox 1364 2852 1511 2882; x_wconf 91' lang='lat' dir='ltr'>Donicum</span> 
     </span>
     <span class='ocr_line' id='line_1_126' title="bbox 1363 2902 1431 2932; baseline -0.015 0"><span class='ocrx_word' id='word_1_234' title='bbox 1363 2902 1431 2932; x_wconf 83' lang='lat' dir='ltr'>coeli</span> 
     </span>
    </p>
   </div>
   <div class='ocr_carea' id='block_1_29' title="bbox 71 2447 492 2945">
    <p class='ocr_par' dir='ltr' id='par_1_40' title="bbox 71 2447 492 2945">
     <span class='ocr_line' id='line_1_127' title="bbox 71 2447 492 2644; baseline 0 0"><span class='ocrx_word' id='word_1_235' title='bbox 71 2447 492 2644; x_wconf 95' lang='lat' dir='ltr'>        </span> 
     </span>
     <span class='ocr_line' id='line_1_128' title="bbox 71 2644 492 2762; baseline 0 0"><span class='ocrx_word' id='word_1_236' title='bbox 71 2644 492 2762; x_wconf 95' lang='lat' dir='ltr'>     </span> 
     </span>
     <span class='ocr_line' id='line_1_129' title="bbox 71 2762 492 2945; baseline 0 -134"><span class='ocrx_word' id='word_1_237' title='bbox 71 2762 196 2945; x_wconf 95' lang='lat' dir='ltr'>    </span> <span class='ocrx_word' id='word_1_238' title='bbox 471 2762 492 2945; x_wconf 95' lang='lat' dir='ltr'>    </span> 
     </span>
    </p>
   </div>
  </div>
 </body>
</html>
