1967 3314
107 657 148 686 V.

98 795 156 823 983

98 843 156 873 984

99 942 154 971 985

98 1091 156 1122 986

98 1143 155 1172 987

98 1193 155 1222 988

97 1242 155 1271 989

97 1292 155 1320 990

96 1340 151 1369 991

95 1390 153 1419 994

95 1490 152 1519 995

95 1537 152 1569 996

96 1590 154 1618 997

96 1639 153 1667 999

81 1737 155 1764 1000

80 1836 151 1862 1001

78 1987 152 2015 1002

77 2136 151 2163 1004

77 2234 150 2261 1006

78 2285 151 2313 1009

77 2333 148 2359 1011

78 2382 151 2409 1012

77 2432 151 2458 1013

78 2481 152 2507 1014

77 2582 150 2609 1015

77 2630 151 2658 1016

77 2682 151 2711 1017

77 2731 151 2758 1018

78 2831 152 2860 1019

78 2929 152 2957 1023

220 489 236 509 F
241 488 326 508 ERRA
330 488 372 508 NI)
376 489 421 509 US.

251 610 384 641 Brixiae.

224 699 298 729 Sine
309 701 409 730 Anno.

201 788 243 819 fit?

201 839 296 869 delira

202 889 269 918 haec

202 948 259 967 non
273 949 310 969 ex

201 987 362 1018 ridentibus

201 1041 305 1067 auctus

201 1086 290 1116 dictis

201 1135 321 1167 disertis

199 1195 266 1224 quae

200 1235 346 1274 permixta

200 1284 320 1315 caelesti'

199 1333 339 1373 liquentis

199 1383 279 1413 deest

197 1433 277 1463 secla

198 1483 313 1523 praebet

198 1532 309 1562 ducunt

198 1583 306 1622 adepta
317 1587 365 1613 est

199 1631 307 1662 missus
319 1637 367 1663 est

199 1680 279 1710 deest.

199 1731 264 1760 caeli

199 1781 324 1811 relatum

201 1831 267 1861 Nec
282 1831 326 1861 sic

199 1882 347 1912 interemit

199 1937 232 1962 ut
245 1942 292 1963 res

197 1987 312 2012 coctum

197 2032 324 2073 dissipat

196 2092 298 2112 omnes

196 2133 240 2162 ita

196 2187 368 2223 mutentque

196 2243 296 2262 earum

196 2286 282 2321 putes

197 2332 295 2361 subito

197 2380 323 2415 Quando

197 2439 324 2469 quaeque

198 2478 327 2518 Nanque

197 2528 298 2557 caelum

197 2578 355 2608 animantis

197 2637 266 2666 pors

198 2687 245 2706 res

198 2728 268 2757 item

197 2777 333 2807 materiai

197 2829 261 2858 vias

198 2878 302 2918 plagas

197 2929 384 2959 vehementes

538 276 755 326 LIBRI
802 272 1155 325 SECUNDI.

470 457 591 478 PAULUS
607 457 741 479 FRIDEN-
766 458 956 478 THEODORUS
971 458 1011 476 DE

772 512 1005 533 RAGAZONIBUS.

533 513 670 534 PERGER.

1115 489 1227 510 ALDUS.

531 614 661 647 Veronae,
818 613 955 643 Venetiis.
1108 615 1247 645 Venetiz's.
1039 585 1597 684 :C

565 705 650 734 1486.
851 704 934 733 1495.
1135 707 1218 732 1500

466 761 742 773 ἦ,
751 761 1027 770 ———.
1042 761 1313 771 ᾖ*

484 792 519 822 fit
772 791 813 820 sit
1061 790 1096 820 fit

484 842 585 873 dedita
772 841 874 872 dedita
1062 840 1155 870 delira

486 891 541 920 hec
772 892 828 921 bec
1062 890 1129 918 haec

485 951 542 970 non
557 951 592 970 ex
776 951 834 971 non
846 952 885 971 ex
1062 949 1119 968 non
1133 949 1170 968 ex

486 990 648 1020 ridentibus
772 991 935 1023 ridentibus
1061 987 1223 1018 ridentibus

487 1044 591 1070 auctus
774 1045 879 1071 auctus
1060 1041 1165 1067 auctus

486 1089 581 1120 doctis
773 1090 861 1121 dictis
1060 1086 1149 1116 dictis

485 1138 611 1169 desertis
772 1139 892 1170 disertis
1060 1135 1180 1165 dlsertis

485 1198 543 1226 que
773 1199 830 1227 que
1061 1195 1127 1224 quae

484 1238 630 1276 permixta
773 1240 919 1278 permixta
1061 1235 1203 1275 permista

485 1287 596 1317 caelesti
773 1289 886 1319 caelesti
1061 1285 1173 1315 caelestl

484 1335 624 1375 liquentis
772 1338 912 1378 liquentis
1062 1334 1220 1373 hquesstels

484 1386 565 1416 deest
773 1388 853 1418 deest
1061 1383 1141 1412 deest

484 1435 565 1465 secla
774 1439 854 1468 secla
1061 1433 1141 1462 secla

484 1485 589 1524 prebet
774 1489 877 1528 prebet
1061 1484 1172 1523 praebet

483 1534 592 1565 ducent
773 1538 881 1567 ducent
1060 1534 1172 1565 ducunt

483 1584 592 1624 adepta
607 1590 654 1615 est
774 1587 883 1626 adepta
895 1591 943 1617 est
1061 1584 1199 1623 adeptast

486 1634 609 1664 missust
774 1635 926 1667 missumst
1061 1634 1212 1664 missumst

484 1694 523 1713 ex
773 1697 808 1715 ex
1061 1693 1100 1712 ex

485 1733 549 1763 caeli
774 1734 837 1764 caeli
1061 1733 1129 1763 caeli

484 1782 609 1812 relatum
774 1784 898 1814 relatum
1061 1782 1186 1813 relatum

486 1831 552 1862 Nec
567 1833 611 1863 sio
776 1835 842 1864 Hec
859 1835 885 1865 si
1064 1832 1130 1862 Nec
1143 1832 1187 1862 sic

484 1883 632 1914 interemit
774 1883 922 1914 interemit
1062 1881 1204 1912 interimit

483 1938 516 1962 ut
529 1943 577 1963 res
773 1938 806 1962 ut
820 1944 867 1962 res
1063 1942 1110 1961 res
1123 1936 1156 1961 ut

483 1986 597 2012 coctum
773 1986 869 2012 totum
1061 1985 1168 2010 coetum

483 2031 610 2072 dissipat
772 2031 900 2071 dissipat
1060 2030 1188 2070 dissipat

482 2091 582 2112 omnes
772 2091 872 2111 omnes
1060 2079 1172 2109 omneis

483 2131 527 2160 ita
773 2131 817 2160 ita
1061 2133 1095 2159 ut

483 2185 658 2222 mutantque
772 2184 947 2220 mutantque
1061 2183 1236 2219 mutentque

482 2240 583 2261 earum
773 2240 874 2260 earum
1061 2229 1164 2258 eadem

482 2285 570 2319 putas
772 2285 860 2320 putas
1061 2283 1148 2318 putes

482 2330 582 2360 subito
772 2332 871 2361 subito
1061 2328 1141 2358 deest

483 2378 609 2412 Quando
771 2380 898 2415 Quando
1061 2378 1140 2413 Quin
1153 2378 1244 2409 etiam

483 2439 597 2467 queque
772 2440 888 2469 queque
1060 2438 1184 2467 quaeque

487 2477 625 2517 Namque
774 2478 913 2518 Namque
1061 2477 1191 2517 Nanque

484 2527 586 2556 caelum
773 2527 875 2557 caelum
1061 2527 1164 2556 caelum

484 2577 641 2608 animantis
772 2577 930 2607 animantis
1060 2576 1235 2607 animanteis

484 2638 554 2667 pars
772 2639 841 2668 pars
1060 2637 1128 2666 pars

484 2688 531 2707 res
772 2688 819 2707 res
1061 2685 1107 2705 res

485 2728 528 2757 ita
772 2727 815 2757 ita
1060 2726 1131 2755 item

484 2777 618 2808 materiei
772 2777 905 2808 materiei
1059 2774 1193 2805 materiei

485 2827 548 2857 vias
772 2827 836 2857 vias
1060 2826 1118 2855 viae

483 2878 589 2919 plagas
771 2877 876 2917 plagas
1060 2876 1156 2915 plagae

484 2928 674 2959 vehementes
772 2928 960 2958 vehementes
1060 2926 1247 2957 vehementer

1517 283 1609 325 223

1354 434 1396 453 EX
1406 435 1568 457 TYPOGRA-

1323 489 1400 508 PHIA
1417 489 1595 511 SOCIETATIS

1364 543 1558 563 BIPONTINAE.

1387 613 1522 654 Be'pontz'.

1422 706 1435 731 l
1441 706 1503 735 782.

1345 789 1386 818 sit

1346 838 1438 869 delira

1347 888 1410 918 haec

1347 949 1385 967 ex
1398 949 1456 969 uon

1347 987 1504 1018 ridentibu'

1347 1037 1444 1068 factus

1348 1086 1435 1117 dictis

1347 1136 1466 1168 disertis

1348 1196 1414 1224 quae

1349 1231 1490 1274 permista

1349 1284 1463 1313 coelesti

1349 1331 1504 1371 liquenteis

1349 1386 1380 1412 et

1349 1432 1440 1462 saecla

1347 1483 1458 1522 praebet

1348 1531 1459 1562 ducunt

1348 1581 1467 1621 adepta'
1468 1585 1498 1612 st

1349 1631 1469 1661 missum
1472 1632 1512 1662 st

1349 1691 1385 1710 ex

1348 1730 1414 1759 coeli

1349 1779 1483 1810 rellatum

1350 1829 1416 1858 Nec
1429 1830 1475 1860 sic

1349 1878 1492 1910 interimit

1347 1938 1393 1957 res
1406 1933 1441 1958 ut

1348 1981 1455 2007 coetum

1348 2026 1485 2067 dissupat

1348 2086 1448 2106 omnes

1348 2129 1382 2155 ut

1349 2180 1519 2216 mutentque

1349 2226 1452 2256 eadem

1348 2279 1434 2315 putes

1348 2324 1428 2354 deest

1348 2374 1427 2408 Quin
1440 2374 1530 2404 etiam

1349 2434 1473 2463 quaeque

1350 2474 1488 2513 Namque

1348 2525 1452 2555 coelum

1348 2574 1524 2605 animanteis

1348 2634 1417 2663 pars

1350 2674 1416 2703 haec

1348 2723 1418 2753 item

1348 2773 1486 2803 materia'i

1347 2824 1406 2854 viae

1348 2873 1447 2914 plagae

1348 2924 1537 2956 vehementer
