1967 3314
625 283 846 333 LIBRI
895 281 1143 332 PRIMI.
1565 289 1655 335 179

1395 441 1436 460 Ex
1449 442 1613 462 TYPOGRA-

509 467 631 487 PAULUS
648 467 780 487 FMDEN·
809 467 1002 487 THEODORUS
1017 467 1058 486 DE

1159 497 1270 517 ALDUS.
1368 494 1446 513 PHIA
1463 495 1641 518 SOCIETA'fls

260 499 461 548 FERRANDFVS.

580 521 714 541 PERGER.
814 520 1049 541 RAGAzONIBUs.

1410 547 1589 568 BlPONTlNAE
1595 562 1602 568 .

293 624 421 655 Brixiae.
583 626 713 657 ch-om,
866 621 1002 650 Venetiis.
1155 623 1293 653 Venetiis.
1438 617 1575 658 Bipomi.

157 670 194 700 V.
224 683 501 690 *—
510 684 783 693 ————
796 681 1070 688 ———-
1081 684 1358 693 ἦ
1369 681 1644 688 ———

269 713 342 743 Sine
355 714 453 745 Anno.
608 717 690 745 1486.
895 715 980 742 1495.
1177 717 1261 743 1500.
1467 714 1550 743 1782-

139 809 196 838 593
243 804 379 843 quoniam
392 810 440 835 est
528 807 665 847 quoniam
678 813 726 838 est
814 801 950 839 qu⁰¹¹iam
963 807 1011 831 eSt
1100 804 1238 843 quoniast
1388 799 1525 838 quoniam

242 854 377 893 quodque
527 857 663 896 quodque
815 851 950 890 quodque
1101 855 1235 894 quodque
1389 850 1530 890 cujusque

140 909 197 938 594,
243 903 403 944 Corporum
529 908 689 948 Corporum
814 901 975 942 Corporum
1101 904 1238 944 Corporis
1389 900 1528 940 Corporis

243 953 321 983 iuius
334 955 412 994 quod
436 968 439 971 <
528 956 607 987 illius
622 957 699 996 quod
815 951 894 981 illius
908 953 985 992 quod
1102 953 1181 983 illius
1194 955 1272 993 quod
1389 954 1436 979 est
1452 950 1571 990 aliquod

244 1003 337 1033 nostri
529 1007 623 1036 nostri
815 1002 909 1032 nostri
1102 1004 1196 1033 nostri
1390 1000 1483 1029 nostri
1496 1001 1574 1040 quod

141 1054 197 1082 597
245 1053 304 1083 Per
314 1065 346 1084 se
354 1059 499 1085 secretum
531 1056 590 1086 Per
604 1063 750 1088 secretum
817 1051 842 1080 Ρ
843 1063 875 1081 ἓῑ·
888 1058 1034 1083 secretum
1088 1053 1181 1084 Perse
1193 1060 1360 1085 concretum
1392 1048 1451 1078 Pel·
1461 1059 1493 1079 ⁵0
1503 1054 1646 1080 secretum

243 1109 312 1144 post
324 1105 387 1134 haee
529 1111 597 1146 post
610 1107 665 1136 hee
816 1107 885 1142 post
898 1103 953 1132 hee
1102 1106 1228 1144 posthac
1390 1099 1515 1138 posthae

141 1153 198 1182 598
244 1154 378 1184 Alterius
531 1157 664 1188 Alterius
817 1151 951 1181 Alterius
1102 1153 1225 1184 alternis
1390 1148 1524 1177 AlteriUS

244 1209 313 1233 sunt
530 1213 601 1237 sunt
816 1206 886 1231 sunt
1102 1209 1173 1233 sunt
1391 1201 1438 1226 est

243 1253 324 1283 deest
529 1257 611 1287 deest
816 1250 896 1281 deest
1103 1253 1185 1283 deest
1391 1257 1461 1286 Pffl'S

243 1304 394 1345 primaque
529 1308 679 1348 primaque
816 1300 967 1341 Firmaque
1104 1305 1256 1344 primaque
1391 1296 1544 1337 Psimaque

139 1347 196 1380 599
242 1353 300 1382 alie
816 1351 885 1380 aliae
1103 1354 1169 1383 aliae
1391 1347 1457 1377 aliae

137 1399 196 1427 600
244 1403 373 1443 Agmine
816 1402 945 1442 Agmine
1103 1405 1252 1445 Aug-mine
1391 1398 1521 1438 Agmine

242 1457 377 1483 naturam
816 1458 924 1482 natura
1102 1460 1236 1485 naturam
1390 1454 1524 1479 naturam

241 1512 394 1543 corporum
529 1509 711 1549 incorporum
815 1502 999 1542 incorporum
1217 1507 1223 1512 '
1391 1500 1528 1541 Corporis

139 1548 193 1577 601
242 1553 316 1587 Quae
528 1559 594 1593 Que
815 1554 881 1587 Que
1391 1550 1466 1584 Quae

242 1609 391 1643 nequeunt
529 1615 677 1649 nequeant
816 1608 963 1642 nequeant
1104 1611 1253 1646 nequeunt
1392 1605 1541 1639 nequeunt

242 1664 363 1684 necesse
376 1659 424 1685 est
529 1665 682 1690 necessest
815 1658 967 1683 necessest
1104 1662 1255 1688 necessest
1392 1650 1555 1680 necesse'st

138 1699 196 1727 602
243 1704 349 1734 AEreas
529 1711 636 1740 AErens
816 1703 922 1732 AErens
1107 1707 1230 1736 Haerere
1395 1701 1517 1731 Haerere

243 1754 319 1783 unde
530 1760 606 1789 unde
816 1753 894 1782 unde
1105 1757 1182 1787 unde
1392 1756 1425 1781 ut

244 1808 354 1842 queant
530 1816 620 1849 queat
817 1808 908 1842 queat
1104 1813 1214 1848 queant
1392 1807 1540 1842 nequeant

244 1854 304 1883 ulla
532 1859 611 1889 nulla
818 1852 899 1881 nulla
1106 1857 1186 1886 nulla
1393 1852 1454 1882 ulla

139 1904 197 1932 604
243 1905 317 1938 Quae
531 1911 596 1945 Que
817 1903 883 1937 Que
1104 1907 1178 1940 Quae
1392 1903 1467 1937 Quae

242 1956 382 1985 coherent
530 1961 670 1991 coherent
816 1953 957 1981 ⁰01¹&th
1105 1957 1253 1987 cohaerent
1392 1955 1544 1983 cohaerent

139 2006 196 2035 605
242 2005 357 2035 illorum
530 2009 644 2039 illorum
817 2002 932 2031 fflOl‘um
1104 2006 1230 2036 ullorum
1390 2004 1514 2033 ullorum

138 2057 196 2088 607
242 2054 397 2095 quicquam
529 2060 686 2100 quicquam
815 2052 971 2091 quicquam
1104 2057 1260 2096 quicquam
1391 2053 1550 2093 quidquam

240 2110 302 2134 tam
523 2112 586 2152 jam
809 2102 873 2141 jam
1098 2106 1163 2146 jam
1386 2104 1450 2144 jam

138 2156 195 2188 609
241 2166 364 2194 quaeque
529 2173 644 2201 queque
815 2162 930 2192 queque
1103 2167 1229 2197 quaeque
1391 2162 1517 2192 quaeque

137 2206 193 2234 611
242 2204 360 2234 dimidie
527 2211 655 2242 djmjdjae
815 2203 942 2232 dimidiae
1102 2207 1233 2236 dimidiae
1391 2203 1522 2232 dimidiae

138 2255 196 2284 612
241 2256 384 2295 praefiniet
528 2263 664 2303 prefinjet
815 2252 951 2292 prefiniet
1104 2259 1252 2299 praefiniet
1392 2251 1528 2291 pei-finiet

139 2305 197 2332 613
242 2307 448 2347 minimamque
528 2313 736 2353 minimamque
816 2302 964 2332 minimam
1105 2308 1311 2347 minimamque
1392 2303 1600 2342 minimamque

244 2363 325 2387 esset
530 2368 611 2393 esset
817 2360 899 2384 esset
1105 2364 1187 2389 esset
1392 2354 1468 2383 escit

141 2405 200 2433 614
246 2406 301 2435 Nil
532 2412 586 2441 Nil
819 2405 874 2435 Nil
1107 2408 1148 2437 nil
1395 2404 1465 2434 Nou

245 2457 338 2487 distet
530 2462 622 2491 distet
817 2456 910 2485 distet
1106 2457 1199 2486 distet
1393 2454 1506 2483 distent

245 2507 378 2538 funditus
532 2511 665 2542 funditur
818 2505 950 2535 funditur
1106 2506 1238 2537 funditus
1391 2503 1525 2533 funditus

141 2555 198 2583 615
245 2569 310 2598 quae
532 2573 589 2601 que
818 2567 875 2596 que
1106 2567 1174 2596 quae
1393 2564 1460 2593 quae

141 2605 198 2636 617
246 2609 333 2643 Quod
532 2611 620 2646 Quod
819 2608 905 2643 Quod
1106 2607 1193 2642 Quod
1393 2604 1472 2638 Qum

245 2660 322 2689 ratio
533 2671 590 2690 non
820 2668 877 2687 non
1106 2657 1183 2686 ratio
1393 2652 1471 2682 ratio

246 2714 352 2738 natura
534 2721 604 2740 vera
819 2720 889 2739 vera
1107 2717 1178 2736 vera
1395 2714 1465 2733 vera

141 2755 198 2784 618
245 2768 366 2788 necesse
379 2764 425 2789 est
533 2765 685 2791 necessest
819 2763 971 2789 necessest
1107 2759 1260 2786 necessest
1394 2752 1557 2783 necesse'st

141 2805 199 2836 619
245 2820 311 2849 quae
533 2822 590 2851 que
819 2820 876 2848 que
1108 2816 1175 2845 quae
1394 2815 1460 2844 quae

246 2859 370 2900 praedita
532 2862 649 2902 predita
820 2858 948 2898 praedita
1106 2857 1232 2896 praedita
1394 2854 1522 2895 praedita

142 2904 199 2934 620
244 2915 382 2941 constant
535 2916 672 2942 constant
819 2911 957 2938 constant
1108 2911 1245 2937 constent
1395 2907 1532 2934 constent

245 2970 310 2999 qllae
533 2973 589 3001 que
819 2969 877 2999 que
1108 2967 1173 2997 quae
1394 2964 1462 2994 quae
