1967 3314
75 1581 130 1606 145

77 1630 132 1659 147

77 1729 132 1758 149

76 1828 132 1854 150

75 1977 131 2003 152

75 2076 130 2102 153

74 2123 130 2152 156

74 2274 130 2303 157

74 2469 130 2495 158

74 2616 131 2645 160

74 2719 127 2748 161

75 2768 131 2796 162

64 2827 65 2830 ¹
75 2818 131 2846 163

73 2867 129 2896 165

199 476 401 500 Palm-Almus.

586 258 808 309 LIBRI
856 255 1105 306 PRIMI.

448 444 572 465 PAULUS
584 443 721 465 mumm—
750 427 944 462 TflEononus
958 440 1000 460 m!
1011 406 1016 474 l

519 499 656 518 PERGER.

752 497 989 518 RAGAZONIBUS.

1499 263 1590 310 167

1336 413 1378 433 EX
1390 414 1553 437 TYPOGRA—

1102 470 1167 490 ALD
1173 470 1219 491 US·
1305 468 1383 488 1³1-11A
1399 469 1580 492 SOCIETATIS

161 567 1287 582 -—-——-.——————-—-——-———
1309 567 1580 574 —————-

513 602 644 632 Veronae.

229 599 358 630 Bn'xiae.

204 687 279 719 Sine
290 688 389 717 Anno.

178 785 322 822 gerantur

181 831 307 861 Interris

181 880 269 909 Tunc

180 939 239 968 que

183 983 298 1008 mentes

181 1033 216 1058 ut

182 1089 280 1108 coram

181 1128 369 1168 amplectitur

180 1178 296 1208 animus

180 1227 330 1257 illustrare

178 1277 346 1317 praesertim

179 1337 246 1356 cum

179 1376 313 1415 quemvis

179 1425 284 1455 efferre

177 1479 281 1505 noctes

179 1524 360 1558 Querentem

178 1573 360 1613 prepandere

179 1624 314 1653 timorem

180 1684 302 1704 necesse
315 1678 362 1704 est

180 1727 286 1752 nature

179 1775 296 1815 species

181 1824 363 1864 Principium
383 1835 433 1854 cu—

207 1875 260 1914 jus
271 1874 342 1904 hinc
351 1875 434 1904 nobis

207 1925 331 1955 exordia
339 1930 433 1955 sumet

181 1975 314 2005 mortalis

176 2024 272 2054 omnis

177 2074 308 2113 caeloque

177 2125 251 2155 nihil

260 2178 274 2203 1
279 2178 317 2206 59

259 2224 316 2253 156

177 2270 258 2302 deest

178 2467 259 2497 deest

177 2616 249 2647 fient

177 2667 296 2696 omnibu

176 2717 251 2747 nihil

176 2771 258 2796 terra

176 2817 248 2846 caelo

176 2866 289 2897 incerto

176 2921 311 2948 tenerent

465 785 608 822 gerantur

467 832 503 861 In
518 832 606 861 terris

467 886 531 911 tum

466 941 535 970 quae

466 986 581 1011 mentes

467 1031 511 1060 uti

465 1090 604 1110 coronam

464 1131 642 1170 ampectitur

466 1181 581 1210 animus

465 1230 626 1260 inlustrare

464 1280 620 1320 presertim

464 1340 534 1369 qum

464 1390 551 1418 quem
564 1379 610 1409 vis

463 1428 567 1457 efferre

463 1481 566 1507 noctes

464 1533 645 1567 quaerentem

464 1578 646 1618 prepandere

464 1631 606 1656 temerem

465 1686 586 1706 necesse
600 1680 647 1706 est

465 1732 581 1757 naturae

465 1777 577 1816 speties

466 1825 649 1865 Principium
670 1836 720 1854 cu-

492 1877 544 1916 jus
555 1876 624 1905 hinc
636 1876 719 1905 nobis

493 1925 615 1955 exordia
623 1931 719 1955 sumet

464 1974 599 2004 mortalis

463 2025 557 2054 omnis

463 2074 593 2113 eaeloque

463 2122 538 2152 nihil

547 2176 602 2204 159

545 2224 602 2252 156

461 2271 543 2302 deest

462 2469 544 2500 deest

463 2619 570 2650 fierent

464 2670 598 2699 omnibus

463 2718 535 2748 nihil

462 2774 542 2799 terra

462 2819 534 2848 caelo

463 2869 492 2898 in
508 2874 590 2899 certo

462 2924 598 2950 tenerent

798 602 938 632 Venetiae.

828 697 912 726 1495.

751 786 894 823 gerantur

754 833 789 862 In
802 832 890 862 terris

753 887 816 912 tum

753 941 821 971 quae

750 986 864 1012 mentes

750 1531 929 1566 quaerentem

750 1576 945 1617 praepandere

749 1632 892 1656 terrorem

749 1688 871 1707 necesse
889 1682 937 1707 est

750 1732 864 1757 naturae

752 1776 864 1816 speties

750 1825 934 1865 Principium
955 1835 1005 1854 cu-

776 1877 829 1916 jus
842 1876 911 1905 hinc
921 1876 1003 1905 nobis

778 1926 900 1954 exordia
909 1931 1003 1956 sumet

749 1974 884 2004 mortalis

748 2025 844 2054 omnis

747 2074 878 2114 caeloque

748 2126 821 2156 nihil

833 2181 889 2210 159

833 2228 888 2257 156

746 2276 828 2307 deest

745 2475 827 2506 deest

745 2623 852 2656 fierent

744 2675 882 2704 omnibus

745 2723 820 2753 nihil

744 2773 827 2803 deest

745 2823 817 2853 caelo

745 2874 776 2903 in
789 2878 872 2904 certo

746 2929 881 2955 tenerent

1346 523 1541 545 mmm-13³2.

1087 595 1227 626 Venetiis.
1374 596 1474 636 Bipon
1479 595 1509 626 ti.

1114 691 1200 717 1500.
1399 691 1486 719 1782.

1035 781 1178 816 gerantur
1322 781 1469 816 genantur

1037 825 1074 854 In
1088 825 1176 855 terris
1324 826 1360 855 In
1373 825 1461 855 terris

1036 880 1099 904 tum
1322 881 1385 905 tum

1036 935 1102 964 quae
1322 936 1387 965 quae

1035 976 1161 1006 menteis
1323 976 1447 1005 menteis

1036 1026 1080 1056 uti
1321 1025 1365 1055 uti

1034 1087 1133 1106 coram
1320 1085 1420 1105 coram

1034 1126 1222 1165 amplectitur
1319 1124 1508 1164 amplectitur

1034 1175 1149 1206 animus
1317 1175 1408 1204 animi

1034 1225 1193 1255 inlustrare
1318 1225 1476 1254 inlustrare

1034 1275 1198 1314 praesertim
1319 1274 1482 1313 praesertim

1034 1336 1100 1355 cum
1318 1335 1383 1354 cum

1036 1374 1170 1414 quemvis
1318 1374 1451 1413 quemvis

1035 1425 1164 1464 perferre
1319 1424 1449 1464 perferre

1036 1473 1148 1503 nocteis
1320 1474 1432 1503 nocteis

1036 1527 1218 1562 quaerentem
1318 1527 1498 1563 quaerentem

1035 1575 1226 1614 praepandere
1318 1573 1510 1613 praepandere

1036 1631 1176 1656 terrorem
1320 1627 1462 1653 terrorem

1036 1680 1188 1705 necessest
1320 1674 1484 1704 necesse'st

1035 1730 1148 1755 natu'rae
1320 1727 1436 1752 naturae

1035 1774 1149 1815 species
1320 1773 1435 1813 species

1035 1826 1127 1865 Cujus
1149 1826 1289 1866 principi-
1314 1822 1495 1863 Principium
1506 1823 1575 1852 hinc

1054 1887 1103 1906 um
1116 1877 1185 1906 hinc
1206 1877 1288 1906 nobis
1338 1875 1421 1914 cujus
1431 1873 1514 1903 nohis
1523 1884 1574 1903 ex—

1053 1926 1174 1957 exordia
1182 1932 1287 1962 sumet,
1337 1923 1422 1952 ordia
1435 1927 1544 1959 sumet,

1036 1976 1195 2007 Monaleis
1321 1973 1482 2002 Mortaleis

1033 2026 1146 2056 omneis
1318 2024 1430 2052 omneis

1033 2075 1163 2115 caeloque
1318 2072 1452 2113 coeloque

1033 2125 1074 2155 nil
1318 2123 1360 2153 nil

1118 2181 1173 2210 159

1117 2228 1172 2256 156

1035 2275 1083 2305 De
1096 2275 1202 2312 nihilo,
1216 2281 1286 2310 tum,
1319 2273 1367 2302 De
1380 2273 1485 2309 nihilo,
1499 2280 1571 2308 tum,

1066 2326 1144 2364 quod
1189 2326 1286 2366 sequi·
1350 2323 1428 2362 quod
1474 2323 1571 2362 sequi-

1065 2387 1138 2411 mur,
1147 2377 1211 2416 jam
1224 2387 1285 2406 rec·
1347 2384 1424 2408 mur,
1433 2374 1496 2413 jam
1509 2384 1572 2402 rec-

1064 2426 1125 2455 tius
1142 2426 1210 2456 inde
1347 2422 1494 2463 tiusrinde

1023 2476 1248 2516 Perspiciemus.
1256 2482 1286 2506 et
1308 2475 1534 2515 perspiciemus,
1542 2480 1572 2504 et

1051 2527 1128 2556 unde
1139 2531 1228 2566 queat
1239 2538 1285 2557 res
1334 2526 1412 2555 unde
1423 2531 1513 2565 queat
1523 2537 1571 2555 res

1051 2586 1178 2616 quaeque
1184 2577 1284 2612 creari,
1336 2587 1463 2616 quaeque
1469 2577 1570 2611 creari,

1031 2626 1137 2655 fierent
1315 2626 1420 2656 fierent

1031 2676 1164 2706 omnibus
1315 2675 1445 2706 omnibu’

1030 2725 1071 2755 nil
1316 2727 1358 2756 nil

1029 2779 1060 2804 te
1065 2785 1112 2804 rra
1317 2781 1397 2806 terra

1031 2825 1104 2854 caelo
1315 2826 1389 2856 coelo

1031 2875 1144 2905 incerto
1317 2878 1431 2907 incerto

1317 2931 1432 2958 teneret

1033 2929 1100 2956 tene
1105 2929 1172 2956 rent
