1967 3314
330 238 425 280 462
691 233 1466 288 ANIMADVERSIONES

377 363 428 394 Sic
444 363 593 395 Tibullus
610 365 659 396 11.
675 368 703 397 5.

644 453 688 483 sic
702 463 800 494 usque
814 464 915 486 sacras
932 455 1062 487 innoxia
1076 455 1181 487 lauros

545 513 663 544 Vescar

372 600 416 631 Et
430 600 483 632 alii
498 603 580 633 bene
593 601 695 633 multi.

1528 667 1698 699 Bentleius.

470 765 557 793 1143
583 759 641 795 Sic
657 761 762 806 igitur
777 761 891 806 magni
908 773 1047 808 quoque
1064 761 1195 798 circum
1212 762 1339 799 moenia
1356 763 1478 799 mundi

581 824 790 869 Expugnata
806 824 938 860 dabunt
954 825 1079 862 labem.

370 896 412 926 In
427 896 507 927 libro
524 896 572 927 II.
596 896 750 928 AEneidos
765 898 882 939 legitur

542 979 631 1010 Hinc
647 979 725 1009 mihi
743 980 845 1020 prima
859 980 936 1010 mali
951 981 1041 1012 labes.

366 1069 453 1106 Quid
468 1074 513 1099 est
527 1070 632 1100 labes?
657 1068 826 1110 aliquando
841 1070 1037 1109 repentinam
1055 1069 1194 1111 aliquam
1209 1069 1420 1102 calamitatem
1435 1070 1591 1112 significat
1605 1072 1654 1103 vel
1675 1074 1714 1104 ab
1735 1073 1823 1115 aquis

321 1124 512 1162 immodicis,
529 1123 578 1154 vel
592 1134 611 1154 a
625 1124 792 1165 grandine,
808 1124 1010 1164 fulminibus,
1026 1131 1083 1157 etc.
1106 1125 1155 1156 vel
1176 1136 1195 1156 a
1217 1127 1374 1158 chasmate
1388 1133 1419 1158 et
1433 1127 1522 1158 hiatu
1538 1130 1660 1167 terr-‘2³⁶5
1686 1128 1718 1160 id
1735 1129 1819 1172 quod

320 1179 416 1210 Docti
431 1185 631 1210 annotarunt.
647 1185 705 1210 etc.

1524 1241 1634 1272 Faber.

361 1336 488 1366 Certare
502 1337 637 1375 abnueo,
654 1341 763 1366 metuo
777 1334 965 1377 legionibuS,
980 1336 1086 1367 labem.

1520 1396 1694 1429 Bentleius.

360 1497 437 1532 Lib.
455 1498 518 1531 111.

502 1576 543 1604 41
571 1570 663 1605 Nam
680 1568 775 1615 quod
793 1579 886 1614 saepe
901 1567 1061 1603 homines
1077 1568 1219 1603 morbos
1232 1568 1339 1614 magis
1356 1579 1433 1605 esse
1450 1569 1639 1615 timendos,

571 1632 813 1679 Infamemque
829 1631 947 1668 ferunt
963 1632 1082 1676 vitam,
1099 1644 1206 1679 quum
1223 1632 1370 1668 Tartara
1387 1633 1488 1677 lethi,

570 1698 622 1732 Et
637 1710 672 1732 se
687 1699 772 1732 scire
787 1698 890 1732 animi
905 1702 1060 1732 naturam
1077 1699 1248 1743 sanguinis
1264 1710 1347 1741 esse,

570 1761 647 1794 IVec
657 1773 816 1806 prorsum
834 1762 1010 1807 quidquam
1027 1766 1150 1795 nostrae
1167 1763 1304 1795 rationis
1317 1773 1431 1807 egere:

353 1839 401 1868 Ex
419 1836 484 1867 istis
498 1841 632 1876 quatuor
647 1835 797 1873 versibus,
814 1835 1000 1874 posteriores
1014 1835 1094 1866 duos
1109 1834 1241 1865 arbitror
1256 1834 1352 1865 deleri
1369 1841 1521 1875 oportere.

1516 1895 1624 1926 Faber.

352 1994 449 2034 Lege,

523 2069 607 2099 Nam
623 2067 709 2108 quod
724 2078 805 2107 saepe
820 2068 965 2098 homines
980 2069 1105 2099 morbos
1120 2068 1221 2110 magis
1236 2079 1302 2099 esse
1317 2068 1486 2107 timendos,

524 2127 746 2167 Infamemque
762 2127 869 2157 ferunt
884 2127 993 2164 vitam,
1007 2137 1105 2167 quam
1121 2127 1253 2157 Tartara
1268 2127 1353 2162 lethi,

522 2188 566 2217 Et
580 2197 613 2217 se
628 2187 705 2217 scire
722 2187 819 2216 animi
836 2192 982 2216 naturam
999 2186 1161 2226 sanguinis
1176 2196 1252 2222 esse,

527 2248 596 2278 Aut
611 2246 706 2277 etiam
722 2246 805 2276 venti
821 2246 847 2275 si
863 2246 925 2276 sert
939 2246 983 2276 ita
997 2252 1078 2276 sorte
1094 2245 1250 2282 voluntas,

522 2306 592 2337 Nec
606 2316 752 2346 prorsum
767 2305 942 2347 quidquam
959 2312 1074 2336 nostrae
1088 2304 1223 2336 rationis
1238 2315 1346 2346 egere:

1515 2365 1689 2397 Bentleius.

496 2482 540 2510 44
564 2476 640 2511 Aut
657 2475 761 2510 etiam
778 2475 886 2518 venti,
902 2474 931 2510 si
946 2473 1013 2509 fert
1030 2474 1080 2509 ita
1095 2472 1186 2509 forte
1202 2474 1377 2510 voluntas.

352 2551 393 2581 In
412 2550 508 2581 MSS.
523 2549 711 2591 quibusdam
724 2549 799 2590 fera
815 2550 973 2584 voluntas,-
996 2548 1028 2578 in
1043 2547 1126 2586 aliis,
1137 2548 1214 2589 sera
1238 2550 1384 2589 voluptas.
1431 2547 1493 2579 Sed
1508 2548 1583 2589 quia
1599 2561 1632 2579 τα
1648 2547 1713 2579 fera
1728 2548 1811 2589 prio-

305 2616 373 2638 rem
395 2606 548 2647 syllabam
571 2606 698 2637 brevem
720 2606 826 2643 habet,
846 2603 992 2634 existima
1016 2613 1082 2634 esse
1105 2602 1261 2644 glossema
1284 2603 1370 2634 vocis
1392 2603 1540 2644 alicujus,
1567 2613 1638 2644 quae
1659 2603 1734 2634 hinc
1756 2613 1809 2634 ex-

306 2661 425 2692 ciderit.

1515 2718 1623 2748 Faber.

722 2924 738 2939 *
759 2921 820 2953 vel
835 2932 854 2953 a
869 2921 977 2964 quavis
992 2921 1053 2952 alia
1069 2931 1115 2953 re.
1162 2921 1299 2953 Ennius.
1346 2923 1388 2953 B.
