1967 3314
329 277 427 317 218

371 654 409 684 V.

362 793 416 820 811

363 843 420 870 812

365 941 421 967 813

365 1038 421 1064 814

364 1137 420 1162 815

364 1187 421 1214 818

364 1236 422 1264 819

365 1286 422 1312 820

366 1334 419 1360 821

366 1384 423 1411 822

366 1435 422 1460 823

366 1483 423 1510 824

367 1537 422 1563 825

366 1587 422 1612 828

366 1636 422 1665 829

366 1834 423 1860 830

366 1983 422 2010 832

366 2033 422 2059 834

366 2083 423 2112 837

366 2132 422 2158 838

366 2182 422 2210 839

366 2282 423 2307 840

367 2385 420 2410 841

367 2434 423 2460 842

368 2484 424 2510 844

368 2630 423 2658 845

368 2679 424 2707 846

367 2779 424 2809 847

367 2829 423 2857 849

362 2928 415 2954 851

623 267 1082 319 VARIANTES
1122 265 1556 317 LECTIONES

478 482 679 504 FBRRANDUS.

513 609 634 638 Brixtae

489 698 561 728 Sine
574 699 672 729 Anno.
718 679 724 761 Ι

465 792 574 818 caetera

465 847 533 876 quae

467 887 566 927 tangit

469 935 592 966 Predita

468 990 539 1015 sunt

469 1035 510 1065 nil

467 1084 563 1115 colore

469 1135 620 1165 variantes

451 1211 454 1213 ,
468 1184 572 1224 quovis

467 1245 533 1274 quae

469 1293 576 1323 genere

468 1333 603 1363 volantes

470 1382 566 1422 pinnis

470 1431 583 1471 cignos

469 1490 574 1518 quows

470 1533 584 1568 partes·

470 1584 570 1619 partes

471 1628 684 1668 Poeniceusque

471 1678 648 1708 clarissimu’

470 1728 563 1758 multo

470 1778 550 1808 deest

469 1838 535 1857 curn

469 1878 643 1909 distractum
656 1884 703 1910 est

469 1927 650 1967 disperditur

471 1977 643 2008 distendunt

470 2026 605 2056 concedis

471 2076 604 2115 qnaedam

471 2125 605 2165 quaedam

471 2176 534 2204 haec

470 2235 642 2265 cogroscere

467 2285 539 2314 quae

470 2329 598 2365 notaque

471 2385 507 2404 ue

471 2424 589 2464 vaporis

471 2474 575 2504 sterila

472 2535 544 2554 suco
556 2542 559 2545 -

471 2580 502 2605 et
513 2586 571 2605 una

470 2627 619 2666 proprium

472 2675 609 2706 blandum
621 2681 667 2707 est
677 2688 722 2707 ac·

501 2732 590 2766 teque

470 2775 554 2805 halat

469 2826 556 2860 Quod

469 2886 503 2904 ac
517 2875 614 2915 possis

466 2925 575 2955 mixtos

725 450 787 472 PA'U
794 452 850 473 Lus
862 453 997 474 mumm-
1020 451 1212 471 Tul-:enonas
1226 451 1267 470 DE

797 505 932 527 PERGER.

803 609 933 642 Veronae.

826 701 906 730 1486.

748 792 859 816 caetera

749 845 806 874 que

750 885 850 925 tangit

753 934 883 965 Praedita

751 988 821 1014 sunt

752 1032 827 1063 nihil

751 1082 848 1112 colore

754 1133 904 1164 variantes

753 1193 811 1221 quo
824 1183 868 1212 vis

752 1242 809 1271 que

752 1292 866 1321 geuene

753 1332 886 1362 volantes

744 1381 851 1421 ,pinnis

754 1441 865 1471 cygnos

753 1492 812 1521 quo
826 1482 870 1511 vis

754 1536 854 1571 partes

754 1585 854 1620 partes

747 1629 957 1670 ‘poenitensque

754 1679 935 1710 clarissimus

755 1729 848 1758 multo

753 1778 834 1809 deest

753 1839 822 1867 qum

753 1878 930 1909 distractum
944 1882 991 1909 est

755 1927 939 1968 dispenditur

754 1977 936 2008 descendunt

755 2027 899 2058 concedas

754 2077 879 2115 quedam

755 2127 879 2166 quedam

755 2176 809 2205 hec

754 2235 931 2265 cognoscere

753 2287 810 2315 que

754 2331 824 2356 nota
836 2338 893 2366 que

755 2380 787 2405 ut

754 2435 878 2465 vapores

754 2474 857 2505 sterila

753 2536 825 2554 suco

753 2579 784 2604 et
798 2585 857 2605 uua

752 2624 899 2664 proprium

753 2673 949 2714 blandumque

783 2728 949 2765 stactaequc

751 2774 813 2804 alat

750 2825 842 2860 Quod*

750 2875 846 2916 possis

749 2925 856 2956 mixtos

1025 504 1259 524 RAGAzomnus.

1082 605 1219 635 Venetifs.

1106 703 1191 731 1495„

1031 791 1139 817 caetera

1032 847 1089 876 qne

1033 886 1132 926 tangit

1036 935 1165 965 Praedita

1035 990 1105 1015 sunt

1035 1033 1110 1063 nihil

1035 1082 1132 1112 colore

1035 1133 1185 1163 variantes

1035 1194 1093 1222 quo
1106 1182 1151 1212 vis

1035 1243 1092 1271 que

1035 1292 1146 1322 geuene

1035 1331 1169 1362 volantes

1036 1381 1133 1421 pinnis

1036 1441 1147 1470 cygnos

1036 1491 1094 1519 quo
1108 1480 1152 1510 vis

1037 1534 1138 1569 partes

1036 1586 1136 1621 partes

1037 1632 1240 1671 poenitensque

1037 1680 1219 1711 clarissimus

1037 1729 1130 1759 multo

1037 1778 1124 1808 omui-

1037 1839 1105 1867 qum

1036 1876 1210 1908 distractum
1224 1883 1271 1909 est

1037 1926 1223 1966 dispenditur

1037 1976 1220 2008 descendant

1037 2026 1181 2056 concedas

1036 2076 1160 2115 quedam

1036 2126 1161 2165 quedam

1036 2175 1092 2204 hec

1036 2235 1214 2265 cognoscere

1036 2285 1092 2314 que

1036 2330 1105 2354 nota
1120 2336 1186 2365 quae

1035 2385 1072 2404 ne

1036 2435 1160 2465 vapores

1035 2475 1150 2506 sterilla

1035 2535 1106 2554 suco

1035 2578 1124 2614 atque
1137 2585 1196 2604 una

1034 2625 1182 2664 proprium

1034 2675 1231 2714 blandumque

1065 2730 1227 2765 stactaeque

1033 2775 1095 2804 alat

1032 2825 1119 2859 Quod

1032 2875 1087 2904 hac
1104 2875 1200 2914 possis

1032 2924 1142 2955 mixtos

1374 480 1486 502 Annus.

1317 1129 1477 1160 varianteis

1318 1180 1422 1218 quovis

1319 1240 1384 1268 quae

1319 1289 1428 1318 genere

1320 1327 1463 1358 volanteis

1320 1377 1418 1416 pinnis

1319 1437 1430 1466 cygnos

1320 1477 1426 1515 quovis

1320 1527 1430 1566 parteis

1319 1577 1433 1616 parteis

1321 1626 1547 1665 phoeniceusque

1319 1675 1500 1705 clarissimus

1319 1725 1398 1754 omni

1319 1774 1399 1804 deest

1320 1835 1384 1854 cum

1320 1873 1497 1903 distrahitur

1318 1923 1499 1963 ‚disperditur

1319 1972 1500 2002 descendant

1321 2022 1458 2052 concedis

1320 2073 1452 2112 quaedam

1320 2123 1457 2163 quaedam

1321 2172 1387 2202 haec

1319 2231 1495 2261 cognoscere

1320 2280 1388 2309 quae

1320 2327 1447 2361 uotaque

1321 2382 1356 2400 ne

1319 2423 1435 2461 vaporis

1318 2471 1432 2503 sterilia

1319 2532 1408 2551 succo

1318 2583 1353 2602 ac
1361 2573 1467 2613 jejuna

1318 2623 1466 2663 proprium

1319 2672 1456 2703 blandum
1469 2680 1546 2703 stac-

1349 2727 1445 2762 taeque

1318 2773 1401 2803 halat

1318 2823 1404 2858 Quod

1317 2884 1352 2903 ac
1366 2873 1462 2913 possis

1318 2924 1421 2954 mistos

1601 426 1641 445 Ex
1653 426 1693 445 ‘tv
1698 426 1818 446 roGRA·

1574 479 1651 499 PmA
1669 479 1850 500 socuz'rA'ns

1616 534 1810 555 mrowrmae.

1645 606 1779 647 Biponti.

1675 701 1688 726 l
1694 701 1756 730 782.

1596 791 1696 816 cetera

1597 845 1665 874 quae

1600 883 1699 923 tangis

1603 932 1734 963 Praedita

1601 981 1662 1011 siut

1601 1031 1641 1060 uil

1600 1080 1715 1112 colores

1601 1131 1761 1162 varianteis

1601 1181 1704 1220 quovis

1603 1241 1669 1270 quae

1600 1290 1709 1320 genere

1601 1331 1744 1361 volanteis

1600 1380 1703 1420 pennis

1600 1440 1707 1469 cycnos

1601 1480 1704 1518 quovis

1601 1530 1711 1570 parteis

1602 1581 1713 1619 parteis

1604 1628 1819 1668 Poeniceusque

1602 1678 1779 1710 clarissimu'

1601 1729 1694 1759 multo

1603 1780 1683 1810 deest

1602 1841 1668 1860 cum

1601 1881 1764 1911 distractus

1602 1929 1782 1970 disperditur

1601 1980 1756 2010 discedant

1595 2030 1741 2060 concedis

1601 2077 1737 2117 quaedam

1601 2127 1738 2166 quaedam

1601 2177 1664 2205 haec

1600 2237 1778 2266 cognoscere

1600 2287 1667 2315 quae

1603 2327 1741 2366 notisque

1602 2385 1638 2404 ne

1601 2425 1720 2464 vaporis

1601 2474 1705 2504 sterila

1601 2534 1691 2554 succo

1594 2575 1699 2615 jejuna

1601 2623 1719 2664 proprio

1600 2673 1736 2703 blandum
1750 2676 1830 2702 stac-

1631 2728 1727 2762 taeque

1600 2773 1702 2803 halant

1600 2821 1705 2857 Quoad

1600 2883 1635 2901 ac
1649 2871 1727 2911 potis
1746 2882 1779 2902 es

1601 2921 1705 2952 mistos
