1967 3314
248 433 424 455 FERRANDU
431 435 454 454 S.

584 222 801 271 LIBRI
852 220 1151 279 QUINTI.

499 404 621 425 PAULUS
635 405 770 425 munzu-
795 405 986 425 THEODORUS
1001 405 1042 424 DE

567 460 704 479 PERGER..

793 458 812 477 R
821 458 1036 478 AGAZONIBUS.

1151 434 1265 455 ALDUS.

1540 225 1633 267 319

1377 375 1419 395 Ex
1430 376 1579 397 TYPOGRA
1586 389 1596 394 -

1352 428 1432 448 P1211A
1448 429 1629 451 SOCIETATIS

1395 481 1591 504 BlPONTlNAE.

1068 528 1624 537 n———sm—

215 530 1059 541 ——-—————————

289 558 417 589 Bressriae.

257 646 331 676 Sine
344 648 441 678 Anno.

234 737 371 777 perennis

234 797 375 826 equarum

235 836 368 867 declarat

235 887 374 926 quicquid

235 948 349 967 summa
362 948 427 977 quae

236 987 309 1016 nihil

237 1036 352 1066 Partim

236 1091 386 1116 vertentes

235 1146 354 1175 aequora

238 1186 416 1217 Diminuunt

235 1236 377 1265 aetherius

235 1285 377 1315 dividitur

234 1335 328 1364 omnis

234 1385 328 1415 vinus

233 1439 370 1474 retroque

232 1483 341 1514 detulit

234 1533 304 1571 quid

236 1582 491 1613 Innumerabiliter

234 1631 265 1661 in

235 1692 303 1712 oras

236 1732 329 1763 fertur

235 1787 407 1823 recreatque

234 1832 353 1863 fluentis

235 1883 358 1913 adsidue

234 1942 322 1972 quom

233 1983 374 2013 aetherius

233 2034 340 2064 caelum

233 2084 349 2123 regenti

235 2132 470 2173 Suppeditatque

233 2182 373 2224 quicquid

233 2233 261 2262 ei

234 2282 327 2312 nubes

236 2331 358 2369 Coepere

236 2380 395 2420 Extemplo

233 2440 349 2469 cunque

234 2479 277 2509 Ut

232 2539 367 2569 quenque

233 2589 264 2607 m

232 2627 312 2662 Quin

228 2688 298 2718 51¹1ae

231 2721 367 2767 'clareque

231 2776 357 2817 pingues

230 2828 306 2858 taede

230 2878 382 2919 proferant

564 561 696 590 Veronae.

518 740 653 779 perennis

518 799 659 828 aquarum

519 838 643 868 dedarat

519 888 660 927 quicquid

519 947 632 967 summa
645 947 710 976 quae

521 986 594 1015 nihil

522 1036 607 1066 Parti

522 1090 672 1115 verrentes

521 1146 630 1174 equora

522 1185 730 1214 Dimminuunt

521 1234 668 1263 aethereus

520 1283 661 1312 dividitur

522 1334 615 1361 omnis

520 1382 614 1411 virtus

519 1436 644 1470 utroque

519 1481 621 1511 retulit

519 1531 591 1570 quid

521 1580 769 1610 Innunerabiliter

519 1629 600 1659 deest

518 1690 616 1709 moras

519 1730 614 1760 fertus

519 1784 692 1819 recreatque

518 1828 636 1858 fluentis

519 1880 639 1910 assidue

519 1940 606 1968 quom

518 1979 641 2009 aetheris

517 2030 619 2060 caelum

516 2080 633 2120 regenti

518 2129 752 2170 Suppeditatque

516 2179 598 2208 deest

517 2230 545 2259 ei

517 2279 614 2310 nullos

518 2330 648 2369 Corpore

519 2379 568 2408 Ex
580 2378 693 2419 templo

517 2430 625 2468 cuique

519 2479 562 2508 Ut

518 2539 653 2568 quenque

515 2877 665 2917 proferant

854 562 984 591 Venetiz's
989 586 995 592 .

882 654 966 683 1495.

804 740 940 779 perennis

805 800 946 828 aquarum

804 839 929 869 dedarat

805 890 944 929 quicquid

804 948 919 969 summa
931 950 996 979 quae

805 989 877 1018 nihil

807 1037 891 1067 Parti

806 1093 956 1118 verrentes

806 1148 917 1176 equora

807 1187 1014 1218 Dimminuunt

807 1237 956 1267 aethereus

805 1285 946 1316 dividitur

805 1334 900 1363 omnis

806 1382 901 1412 virtus

805 1437 930 1473 utroque

804 1482 907 1512 retulit

805 1532 876 1571 quid

806 1581 1061 1614 Innumerabiliter

802 1630 883 1659 deest

805 1691 902 1711 moras

804 1730 898 1761 fertus

805 1786 977 1822 recreatque

806 1830 924 1862 fluentis

804 1881 923 1911 assidue

803 1942 890 1970 quom

803 1982 922 2011 aetheris

803 2031 909 2060 caelum

802 2081 920 2121 regenti

805 2131 1039 2172 Suppeditatque

803 2181 884 2211 deest

802 2231 831 2260 ei

803 2280 900 2311 nullos

804 2331 933 2370 Corpore

805 2380 852 2409 Ex
866 2379 976 2418 templo

803 2429 908 2468 cuique

805 2479 848 2508 Ut

804 2538 939 2568 quenque

803 2588 833 2607 νι

801 2875 950 2916 proferant

1136 559 1275 589 Venetiis.

1164 650 1177 675 1
1183 651 1247 677 500.

1087 736 1240 776 perenneis

1087 797 1229 825 aquarum

1087 836 1219 866 declarat

1087 886 1227 926 quicquid

1088 947 1259 976 summaque

1088 985 1129 1014 nil

1091 1035 1205 1066 Partim

1089 1093 1240 1116 verrentes

1090 1145 1211 1174 aequora

1089 1184 1257 1216 diminuunt

1089 1235 1228 1266 aetherius

1088 1285 1200 1314 diditur

1088 1334 1200 1363 omneis

1088 1383 1168 1412 virus

1087 1437 1225 1472 retroque

1087 1483 1204 1513 rettulit

1089 1532 1160 1571 quid

1089 1581 1344 1611 Innumeiabiliter

1088 1630 1119 1659 in

1088 1691 1157 1710 oras

1088 1729 1182 1759 fertur

1088 1784 1259 1820 recreetque

1089 1829 1223 1860 fluenteis

1087 1879 1206 1909 assidue

1088 1929 1225 1968 quoniam

1087 1979 1227 2008 aetherius

1088 2028 1193 2058 coelum

1087 2081 1199 2110 recenti

1089 2130 1321 2170 Subpeditatque

1087 2181 1227 2220 quicquid

1086 2231 1114 2260 ei

1087 2281 1179 2310 nubes

1088 2330 1210 2370 Coepere

1088 2379 1249 2420 Extemplo

1087 2439 1201 2468 cunque

1088 2479 1130 2507 Et

1087 2539 1143 2568 que
1146 2538 1222 2566 nque

1089 2883 1249 2918 properant

1425 554 1560 595 Biponn'.

1450 648 1534 677 1782.

1372 733 1527 772 perenneis

1371 794 1514 822 aquarum

1374 833 1507 862 declarat

1372 883 1515 922 quidquid

1373 942 1546 972 summaque

1373 982 1447 1011 nihil

1375 1032 1488 1062 Partim

1373 1088 1524 1112 verrentes

1373 1142 1497 1171 aequora

1374 1182 1558 1212 Deminuunt

1374 1232 1515 1262 aetherius

1373 1281 1484 1311 diditur

1373 1331 1485 1359 omneis

1374 1381 1453 1411 virus

1374 1436 1511 1471 retroque

1373 1481 1481 1511 detulit

1373 1532 1424 1570 qui

1374 1580 1629 1612 Innumerabiliter

1373 1629 1404 1658 in

1373 1679 1460 1709 horas

1373 1728 1467 1758 fertur

1373 1784 1543 1819 recreetque

1372 1826 1507 1858 fluenteis

1373 1877 1492 1907 assidue

1371 1927 1510 1964 quoniam

1371 1976 1514 2006 aetherius

1372 2025 1476 2056 coelurn

1371 2077 1486 2106 receuti

1373 2125 1608 2166 Suppeditatque

1370 2175 1513 2214 quidquid

1372 2275 1463 2305 nubes

1373 2324 1494 2363 Coepere

1372 2375 1531 2415 Extemplo

1372 2437 1486 2465 cunque

1375 2477 1417 2506 Et

1371 2535 1515 2565 quemque

1370 2780 1496 2820 pingues

1370 2830 1456 2860 taedae

1372 2883 1531 2920 properant
