1967 3314
185 685 220 714 V.

167 824 223 852 915

167 870 224 902 916

167 974 224 1003 017

167 1024 224 1052 918

167 1074 224 1102 919

167 1123 225 1152 9⁶20

166 1173 222 1202 9⁶21

165 1375 223 1403 922

165 1425 222 1454 925

165 1471 222 1503 926

165 1524 222 1553 927

166 1622 223 1651 929

165 1722 224 1750 930

166 1771 223 1800 932

166 1870 223 1898 933

167 1970 224 1998 934

166 2068 222 2096 935

166 2116 224 2147 936

166 2221 223 2249 937

167 2270 225 2298 938

169 2420 227 2448 959

170 2469 228 2498 940

170 2519 226 2548 941

171 2568 229 2597 942

170 2667 227 2696 945

171 2814 228 2846 946

172 2867 228 2896 947

173 2965 230 2995 948

620 299 838 348 LIBRI
880 296 1178 355 QUINTI.

1583 302 1678 344 339

287 513 489 534 FERRANDUS.

535 481 660 501 PAcLus
675 481 812 502 FRlnEN-

607 535 742 555 PERGER.

838 481 1031 502 THEODORUS
1046 481 1087 500 DE

843 534 1079 556 RAGAZONIBUS.

1186 511 1298 532 ALDUS.

1426 453 1469 472 Ex
1481 454 1645 475 TYPOGRA-

1395 506 1474 526 PHIA
1490 507 1670 528 socOETA'rls

1436 560 1630 581 mPONTxNAE.

254 607 1663 618 ffi———ff———w

321 637 449 668 Brixiae.

298 726 372 756 Sine
384 727 414 756 A
418 738 482 758 nno.

271 816 348 855 quod

274 865 360 895 Nihil

273 916 383 946 mixtas

272 971 482 1007 compactaque

273 1027 339 1055 quae

273 1065 345 1096 laeta

272 1121 397 1156 possunt

275 1166 333 1196 Sed

272 1215 299 1245 si

272 1276 394 1305 quaeque

272 1316 412 1354 procedet

272 1369 378 1394 nature

273 1414 314 1443 Et

269 1463 350 1493 deest

270 1518 337 1544 estu

270 1570 425 1605 caperetur

271 1616 374 1645 caelum

272 1666 367 1695 lustra

271 1715 442 1744 tractabant

271 1764 436 1804 Quicquam

271 1813 399 1843 molirier

271 1872 348 1892 nova

271 1918 361 1953 atque

271 1968 387 1994 veteres

271 2013 392 2043 falcibu'

272 2068 410 2094 crearant

270 2114 409 2154 placabat

270 2168 389 2204 pectore

272 2224 405 2253 quaercus

273 2264 450 2304 Plerumque

273 2325 339 2353 quae

273 2364 396 2393 hiberno

274 2413 399 2453 puniceo

276 2464 387 2504 majora

276 2524 342 2543 cum

276 2563 350 2592 dura

275 2612 392 2642 miseris

278 2661 416 2693 Claritati

277 2717 327 2742 ate

277 2763 371 2793 saecla

275 2812 434 2853 notavagis

277 2863 483 2903 Nympharum

277 2912 416 2942 aestibant

278 2961 410 3001 proluvie

610 640 741 671 Veronae.

635 730 717 758 1486.

556 829 615 857 quo

558 867 644 896 Nihil

555 916 664 946 mixtas

555 970 766 1006 compactaque

556 1027 613 1055 que

557 1065 626 1094 laeta

556 1119 681 1155 possunt

559 1165 617 1194 Sed

557 1214 583 1244 si

556 1275 670 1304 queque

556 1315 688 1355 procedit

556 1373 669 1397 naturae

557 1417 583 1446 E

556 1467 637 1496 deest

555 1522 631 1547 aestu

555 1571 677 1607 capetur

555 1616 663 1645 caelum

555 1664 636 1695 iusta

556 1715 727 1745 tractabunt

555 1765 721 1805 Quicquam

556 1814 689 1844 molliner

556 1864 636 1894 deest

557 1925 651 1954 neque

557 1969 639 1994 vetes

556 2014 679 2044 falcibus

556 2068 695 2094 crearant

556 2114 696 2155 placabat

556 2168 676 2205 pectore

555 2224 690 2255 quaercus

557 2265 736 2304 Plerumque

557 2325 613 2354 que

556 2364 689 2404 hyberno

557 2414 682 2453 puniceo

557 2462 667 2502 majore

559 2517 622 2541 tum

561 2559 625 2590 dira

559 2611 671 2641 mistris

562 2660 700 2690 claritati

560 2722 579 2740 a
593 2716 624 2740 te

562 2761 641 2791 secla

561 2810 718 2851 notavagis

565 2861 762 2902 Nimpharum

562 2910 701 2941 aestibant

563 2969 616 3000 pro
632 2958 699 2989 lune

893 635 1032 666 Venetiae.

921 729 1008 757 1495.

842 817 902 854 quo

844 864 931 894 Nihil

843 915 953 945 mixtas

842 969 1025 1004 copactaque

843 1026 900 1054 que

844 1064 912 1094 laeta

844 1119 968 1154 possunt

846 1163 903 1193 Sed

843 1215 869 1243 si

843 1275 966 1304 quaequc

843 1315 976 1354 procedit

843 1368 955 1393 naturze

845 1413 870 1441 E

844 1461 925 1491 deest

843 1515 910 1541 estu

843 1566 966 1601 cupetur

844 1611 949 1640 caelum

844 1660 924 1690 Iusta

845 1711 1016 1741 tractabunt

846 1760 1012 1800 Quicquam

846 1810 979 1840 molliner

847 1860 928 1889 deest

848 1921 942 1954 neque

848 1955 931 1989 vetes

847 2009 970 2039 falcibus

848 2065 984 2090 crearant

847 2110 984 2150 placabat

846 2164 965 2200 pectore

846 2219 980 2249 quaercus

848 2260 1024 2299 Plerumque

847 2321 915 2350 quae

847 2360 979 2399 hyberno

846 2409 971 2449 puniceo

847 2459 957 2499 majore

848 2514 910 2538 tum

848 2558 912 2588 dira

849 2607 960 2637 mistris

849 2657 987 2688 Claritati

848 2720 866 2738 a
879 2713 909 2738 te

848 2758 928 2788 secla

848 2807 1004 2847 notavagis

849 2856 879 2884 N
884 2856 1046 2896 impharum

848 2907 986 2937 aestibaut

850 2966 903 2995 pro
918 2956 985 2987 lune

1127 825 1186 854 quo

1129 866 1183 895 Nil

1127 915 1232 945 mistas

1127 1025 1192 1053 quae

1127 1064 1187 1094 leta

1127 1118 1253 1152 possunt

1129 1163 1187 1193 Sed

1128 1213 1171 1242 sic

1128 1272 1255 1302 quaeque

1128 1312 1262 1351 procedit

1128 1365 1243 1390 naturae

1127 1421 1144 1440 e

1128 1466 1159 1490 et

1128 1515 1204 1541 aestu

1128 1565 1284 1600 caperetur

1129 1610 1234 1639 coelum

1129 1657 1222 1688 lustra

1129 1709 1301 1739 tractabant

1130 1758 1295 1798 Quisquam

1131 1808 1270 1838 mollirier

1131 1869 1207 1887 nova

1131 1918 1226 1947 neque

1131 1962 1247 1987 veteres

1130 2009 1257 2039 falcibus

1131 2064 1247 2090 crearat

1130 2110 1264 2150 placarat

1129 2164 1251 2200 pectora

1129 2220 1267 2250 quaercus

1129 2260 1293 2300 plerunque

1130 2318 1198 2348 quae

1129 2359 1261 2397 hyberno

1132 2408 1255 2448 puniceo

1130 2458 1242 2497 majora

1130 2511 1193 2537 tum

1131 2557 1148 2585 d
1153 2557 1181 2586 ia

1134 2606 1247 2635 miseris

1132 2656 1248 2685 Clarior

1132 2704 1242 2734 accitat

1132 2754 1211 2784 secla

1133 2808 1203 2834 nota
1216 2803 1300 2844 vagis

1131 2854 1314 2894 lympharum

1132 2905 1253 2934 exibant

1132 2953 1263 2994 proluvie

1181 636 1320 667 Venetiis.

1127 970 1340 1006 compactaque

1464 629 1602 671 Biponti.

1493 727 1507 752 1
1513 726 1578 756 782.

1412 823 1471 852 quo

1414 863 1470 893 Nil

1412 913 1517 943 mistas

1412 967 1626 1004 compactaque

1412 1022 1479 1051 quae

1413 1062 1483 1092 laeta

1413 1112 1529 1152 possint

1415 1162 1477 1191 Res

1414 1211 1458 1240 sic

1415 1270 1542 1300 quaeque

1414 1310 1548 1349 procedit

1414 1364 1528 1389 naturae

1416 1408 1459 1438 Et

1413 1462 1446 1487 et

1414 1511 1489 1538 aestn

1413 1562 1568 1597 caperetur

1414 1606 1518 1635 coelum

1414 1657 1509 1687 lustra

1414 1706 1585 1736 tractabant

1414 1756 1580 1795 Quisquam

1414 1805 1543 1835 molirier

1414 1866 1491 1885 nova

1416 1917 1470 1935 nec
1481 1908 1485 1911 ’

1415 1959 1532 1984 veteres

1414 2004 1538 2035 falcibu¹

1415 2059 1533 2085 crearat

1416 2104 1555 2145 placabat

1415 2158 1536 2194 pectora

1415 2214 1541 2244 quercus

1418 2254 1595 2294 Plerumque

1414 2316 1480 2345 quae

1414 2357 1538 2385 hiberno

1416 2406 1554 2435 Poeuiceo

1415 2458 1527 2497 majora

1414 2511 1477 2535 tum

1366 2554 1370 2559 '
1415 2556 1465 2585 dia

1415 2606 1531 2635 miseris

1366 2662 1376 2668 “
1416 2655 1571 2685 Claricitat

1415 2705 1476 2735 late

1415 2753 1504 2784 saecla

1416 2802 1568 2843 noctivagi
1608 2808 1629 2812 ’

1416 2852 1624 2892 Nympharum

1415 2902 1537 2932 exibant

1417 2953 1548 2992 proluvie
