1967 3314
325 268 433 306 180·

305 905 308 912 .
343 885 402 914 625

343 985 401 1013 626

343 1038 401 1070 627

343 1089 399 1117 628

342 1339 399 1368 638

343 1390 400 1423 659

343 1541 401 1569 640

340 1740 394 1768 641

614 259 1068 309 VARIANTES
1117 259 1555 310 LECTIONES

461 472 568 494 rmum
573 473 616 493 ND
620 474 637 493 U
641 474 664 493 S.

447 787 473 816 si

447 842 550 878 partes

447 897 515 927 quae

448 937 537 966 nullis

447 996 512 1026 quae

447 1036 576 1077 pondera

447 1097 521 1127 quas

447 1138 566 1177 Septem
587 1146 690 1166 versus

700 441 830 464 *PAULUS
846 440 983 462 mumm-
1004 440 1196 462 'tul-:ononvs
1211 441 1252 462 DE

445 1189 553 1218 absunt
563 1198 581 1217 a
593 1192 615 1206 ‘⁶
629 1187 701 1216 Por-

446 1237 504 1267 r0'’
538 1238 576 1267 ad
611 1242 633 1256 “
660 1247 701 1266 ae-

446 1287 536 1317 vum''

449 1338 564 1379 Magno
576 1348 663 1378 opere

447 1389 501 1418 init

446 1450 569 1480 quorum

446 1489 547 1530 piaelia

447 1539 563 1570 Clarius

444 1591 525 1620 deest

443 1641 598 1670 obscuram

444 1691 547 1719 inanes

446 1740 542 1774 Quam
556 1739 593 1769 de

443 1790 525 1831 grais

444 1838 524 1868 deest

444 1889 494 1929 qui

444 1949 510 1978 quae

444 1999 510 2027 quae

444 2037 522 2067 bella

446 2091 545 2118 Aures

445 2150 511 2179 quae

444 2190 547 2220 fucata

445 2245 560 2271 curtam

446 2290 576 2320 deserier

446 2341 601 2371 conductis

446 2391 639 2432 disjectisquc

446 2440 526 2470 deest

446 2490 593 2531 separatis

445 2542 524 2580 quod

445 2584 551 2621 nedum

446 2641 604 2681 Tantaque
617 2645 648 2671 et

444 2691 577 2720 accensis

444 2750 511 2769 esse

447 2789 482 2818 Id
495 2800 611 2829 quoque

444 2837 608 2869 admixtum

443 2895 568 2919 cernunt

443 2941 593 2970 contraria

772 496 908 517 PERGER.

787 604 916 635 Veronoe.

808 699 889 727 1486.

731 789 756 817 si

731 843 831 878 partes

731 898 788 928 qne

731 938 819 968 nullis

731 1000 788 1029 que

730 1039 858 1079 pondere

731 1099 805 1129 quas

732 1140 850 1179 Septem
872 1148 974 1167 versus

729 1189 838 1218 absunt
848 1198 867 1217 a
877 1193 899 1207 “
913 1188 986 1217 Por-

728 1250 761 1269 ro
771 1239 792 1251 ''
825 1239 863 1268 ad
898 1242 920 1256 ‘⁴
947 1248 986 1266 ae-

730 1300 798 1318 vum
804 1288 824 1300 ”

732 1339 848 1379 Magno
860 1347 947 1377 opere

729 1388 876 1419 scoteinos

730 1440 805 1480 quiti

729 1489 832 1530 proelia

730 1541 846 1571 Clarius

729 1589 809 1620 deest

729 1642 883 1671 obscuram

730 1702 831 1721 manos

729 1742 825 1775 Quam
839 1741 876 1770 de

728 1792 822 1832 graiis

729 1843 810 1872 deest

729 1893 780 1933 qui

728 1954 786 1983 que

729 2004 786 2033 quc

730 2043 806 2071 bella

730 2094 828 2122 Aures

730 2152 787 2181 que

731 2192 829 2221 furata

730 2252 782 2271 cur
794 2247 857 2271 tam

729 2291 880 2321 denserier

730 2341 884 2371 conductis

729 2390 922 2431 disjectisque

730 2440 811 2470 deest

729 2490 877 2531 superatis

729 2541 807 2581 quod

730 2602 766 2620 ne
781 2591 848 2620 dum

730 2643 889 2681 Tantaque

729 2693 863 2722 accensis

728 2747 809 2773 esset

730 2793 765 2823 Id
782 2803 898 2833 quoque

728 2843 890 2872 admixtum

728 2897 851 2922 cernunt

727 2942 840 2970 contria

798 754 984 764 Μ

1014 495 1249 515 ΒΑΟΑΖΟΝῙΒῐΙὸ.

1063 601 1200 632 venetiis.

1093 696 1173 728 1495.

1013 785 1041 814 si

1013 839 1115 874 partes

1014 895 1071 923 que

1015 934 1104 963 nullis

1014 994 1072 1023 que

1014 1033 1143 1073 pondere

1014 1094 1088 1124 quas

1015 1134 1134 1174 Septem
1156 1144 1258 1163 versus

1014 1185 1123 1214 absunt
1133 1194 1151 1213 a
1162 1188 1184 1203 ‘⁶
1197 1184 1269 1213 Por-

1013 1233 1074 1264 ro”
1108 1234 1146 1264 ad
1181 1239 1203 1253 ‘⁶
1230 1245 1269 1263 ae-

1013 1295 1081 1315 vum
1089 1283 1110 1297 ’⁹

1015 1335 1132 1375 Magno
1143 1345 1232 1375 opere

1011 1385 1160 1415 scoteinos

1012 1437 1087 1477 quiti

1012 1486 1116 1527 proelia

1014 1538 1131 1568 Clarius

1013 1589 1094 1619 deest

1013 1640 1167 1669 obscuram

1014 1700 1116 1719 manos

1013 1739 1110 1774 Quam
1123 1739 1160 1768 de

1012 1788 1105 1829 graiis

1012 1839 1094 1870 deest

1013 1889 1064 1930 qui

1014 1950 1072 1979 que

1012 2001 1069 2030 que

1012 2039 1090 2069 bella

1013 2091 1112 2120 Aures

1013 2151 1070 2180 que

1012 2190 1112 2220 furata

1013 2251 1065 2270 cur
1078 2245 1139 2270 tam

1013 2290 1163 2320 denserier

1014 2340 1168 2371 conductis

1013 2391 1206 2431 disjectisque

1013 2441 1093 2471 deest

1014 2491 1162 2530 superatis

1014 2541 1092 2580 quod

1014 2601 1050 2620 nc
1063 2591 1132 2621 dum

1013 2641 1176 2680 Tantaque*

1013 2690 1146 2721 accensis

1013 2746 1094 2772 esset

1014 2793 1049 2822 Id
1063 2802 1180 2832 quoqne

1013 2843 1175 2873 admixtum

1012 2896 1136 2923 derunnt

1012 2944 1160 2973 contraria

1300 2643 1400 2672 Tanta
1413 2645 1503 2682 queat

1299 2692 1399 2722 densis

1298 2752 1365 2773 esse

1299 2794 1334 2822 Id
1348 2803 1464 2832 quoque

1298 2843 1456 2872 admistum

1273 2899 1276 2904 “
1298 2898 1420 2923 cernant

1298 2943 1446 2973 contraria

1587 423 1628 442 Ex
1639 424 1804 444 ‘rYPOGRA·

1581 2647 1682 2675 Tanta
1694 2647 1784 2684 queat

1581 2694 1680 2725 densis

1582 2755 1647 2775 esse

1581 2797 1682 2835 Atque
1695 2794 1726 2823 hi

1582 2844 1747 2874 admistum'

1582 2898 1704 2925 cernunt

1583 2943 1730 2974 contraria
1746 2922 1750 2979 Ξ

1838 530 1843 575 ξ

1352 476 1464 496 Annus.
1562 476 1614 496 rm
1618 478 1637 495 x
1654 477 1837 499 socm‘rA'ns

1605 530 1799 551 nii-omnus.

1347 600 1484 631 Venetiie.
1631 603 1764 645 Biponti.

1374 697 1457 722 1500.
1564 698 1838 762 Ῑῄ-Ἶ--Βῖ

1298 785 1324 814 Si
1581 785 1610 814 ni

1299 834 1411 874 parteis
1581 835 1693 874 parteis

1299 895 1365 923 quae
1581 895 1647 924 quae

1299 933 1388 963 nullis
1582 934 1684 964 multis

1298 995 1364 1023 quae
1582 993 1648 1023 quae

1299 1033 1429 1074 pondera
1583 1035 1712 1075 pondera

1298 1094 1373 1124 quas
1582 1095 1648 1125 quae

1300 1135 1420 1175 Septem
1439 1145 1543 1165 versus

1299 1184 1408 1214 absunt
1417 1195 1436 1214 a
1446 1189 1468 1204 ‘⁶
1482 1185 1555 1214 Por-

1299 1244 1332 1263 ro
1341 1234 1361 1247 ''
1399 1235 1437 1264 ad
1472 1239 1495 1254 ‘⁶
1517 1245 1556 1264 ae-

1298 1285 1394 1314 vum'’

1299 1346 1477 1376 magnopere
1586 1347 1763 1378 magnopere

1299 1385 1355 1415 init
1583 1387 1638 1418 init

1298 1446 1421 1475 quorum
1581 1448 1704 1477 quorum

1298 1487 1400 1527 praelia
1582 1488 1687 1528 proelia

1298 1538 1408 1568 clarius
1583 1540 1689 1570 Clarus

1298 1587 1379 1616 deest
1582 1589 1620 1618 ob

1298 1638 1460 1666 obscurans
1582 1637 1736 1667 obscuram

1299 1687 1412 1717 inaneis
1582 1687 1695 1717 inaneis

1298 1748 1386 1777 quam
1400 1737 1437 1766 de
1582 1738 1716 1772 Quamde

1298 1788 1391 1829 graiis
1581 1789 1700 1829 graveis

1298 1838 1348 1878 qui
1583 1840 1663 1870 deest

1298 1889 1378 1919 deest
1582 1890 1633 1929 qui

1297 1950 1363 1978 quae
1582 1951 1649 1980 quae

1298 1999 1364 2029 quae
1582 2001 1648 2030 quae

1281 2057 1286 2064 ·
1299 2039 1375 2069 belle
1582 2041 1658 2072 bene

1299 2100 1385 2119 aures
1582 2093 1691 2122 Aureis

1298 2150 1364 2179 quae
1581 2153 1647 2182 quae

1298 2189 1399 2219 fucata
1580 2194 1682 2224 fucata

1298 2249 1350 2269 cur
1362 2244 1424 2268 tam
1581 2255 1633 2274 cur
1645 2249 1707 2273 tam

1297 2289 1447 2319 denserier
1580 2293 1730 2324 denserier

1297 2340 1462 2381 conjunctis
1580 2342 1734 2373 conductis

1296 2390 1429 2430 disjectis
1580 2395 1714 2436 disjectis

1296 2450 1387 2479 seque
1580 2446 1685 2485 disque

1297 2490 1410 2530 paratis
1580 2495 1696 2536 supatis

1297 2552 1356 2581 quo
1581 2546 1659 2586 quod

1298 2602 1352 2621 nec
1365 2591 1433 2620 dum
1582 2596 1687 2626 nedum
