1967 3314
547 235 765 286 LIBRI
799 236 1153 287 SECUNDI.
1533 248 1628 290 219

496 418 618 439 munus
629 418 764 440 riunen-
788 419 978 440 ‘rnnononus
994 419 1034 440 m:
1369 399 1410 419 Ex
1421 400 1586 421 TYPOGRA-

564 472 699 495 PERGRR.
790 474 1023 495 RAGAzomsz.

248 447 448 470 FEBBANDUS.
1343 452 1420 472 1²111A
1436 453 1584 474 SOCIETAT

1384 506 1577 527 BIPONTINAE.

557 575 685 606 Veram.
844 578 981 608 Venedi-v.
1031 596 1034 599 ·

590 665 674 693 1486.
871 670 955 698 1495.

229 749 450 791 concoctosque
512 751 734 792 concoctosque
795 756 1017 795 Concoctosque

228 804 397 831 contractus
514 807 683 834 contractus
793 810 964 835 contractus
1078 806 1248 832 COBtractus

228 849 292 879 Viro
513 852 576 882 viro
788 855 856 895 jure
1079 852 1141 880 viro

126 907 182 933 853
230 900 353 930 eundem
512 902 636 932 eundem
794 904 917 934 eundem
1078 900 1196 930 tandem

126 956 182 982 854·
230 950 386 990 gignendis
512 951 668 992 gignendis
795 954 952 994 gignendis
1078 950 1236 991 gignendis

126 1006 183 1033 855
230 1005 338 1040 posunt
512 1007 637 1042 possunt
794 1008 918 1042 possunt
1077 1005 1203 1040 possunt

127 1055 183 1083 856
229 1061 403 1091 quemquam
513 1063 678 1092 quenquam
794 1063 959 1092 quenquam
1077 1061 1241 1089 quenquam
1359 1061 1532 1091 quemquam

126 1106 183 1136 8⁵7
230 1100 310 1131 deest
513 1102 593 1131 deest
794 1101 875 1131 deest
1076 1100 1157 1130 deest
1357 1105 1388 1130 et

127 1156 183 1182 858
231 1151 345 1181 Caetera
513 1151 627 1181 Caetera
794 1151 913 1181 Caetera
1077 1150 1192 1179 Caetera
1359 1150 1467 1180 Cetera

230 1211 409 1240 quaecunque
512 1210 683 1240 quecunque
793 1211 965 1240 quecunque
1075 1211 1198 1239 quaeque
1357 1209 1422 1238 quae
1435 1210 1501 1229 cum

229 1255 329 1280 tamen
511 1256 611 1280 tamen
794 1256 891 1281 tamen
1075 1254 1173 1279 tamen
1357 1249 1475 1278 tandem

126 1304 182 1333 859
230 1314 242 1327 ι
515 1300 622 1330 Mollia
794 1300 902 1330 Mollia
1074 1299 1173 1328 mollia
1360 1297 1448 1326 Molli

511 1349 646 1389 frag-rosa
791 1350 925 1390 frag-rosa
1074 1349 1194 1389 fragosa
1356 1346 1477 1387 fragosa

226 1398 380 1438 putricava
511 1399 665 1438 putricava
743 1438 746 1440 .
792 1400 945 1439 putricava
1074 1400 1166 1440 putri,
1181 1400 1262 1430 Cava
1357 1396 1447 1436 putri,
1463 1396 1545 1426 Cava

227 1458 294 1478 raro
511 1458 578 1478 raro
792 1460 858 1479 raro
1074 1461 1142 1480 rara
1356 1456 1423 1475 ram

126 1500 183 1529 860
228 1498 289 1528 sint
510 1498 571 1527 sint
791 1498 854 1528 sint
1075 1499 1136 1529 sint
1356 1500 1425 1525 sunt

230 1559 350 1579 necesse
363 1553 410 1579 est
511 1558 632 1578 necesse
645 1554 693 1579 est
792 1558 913 1578 necesse
926 1553 973 1579 est
1076 1553 1228 1579 necessest
1357 1545 1520 1576 necesse’st

125 1599 182 1627 862
229 1609 342 1628 summa
512 1608 595 1627 suma
793 1609 876 1628 suma
1076 1610 1189 1629 summa
1358 1606 1473 1625 summa

126 1648 182 1676 863
228 1648 350 1677 redeant
513 1648 654 1678 reddeant
794 1649 937 1679 reddeant
1077 1650 1199 1679 redeant
1358 1645 1481 1675 redeant

230 1697 353 1726 nihilum
514 1697 636 1727 nihilum
794 1698 917 1728 nihilum
1078 1699 1168 1728 nilum
1358 1694 1449 1724 nilum

126 1747 182 1775 864
230 1756 298 1786 quae
514 1757 571 1785 que
794 1759 851 1788 que
1079 1759 1143 1787 quae
1357 1756 1423 1785 quae

231 1807 351 1827 necesse
364 1801 412 1826 est
514 1801 664 1827 necessest
795 1802 944 1828 necessest
1078 1801 1229 1827 necessest
1358 1793 1520 1824 necesse'st

127 1847 183 1875 865
230 1846 447 1876 insensibilibus
513 1847 728 1877 insensibilibus
796 1847 984 1877 insensilibus
1072 1846 1268 1878 insensilibus
1358 1843 1547 1874 insensilibus

127 1896 183 1924 866
230 1895 362 1926 refutant
513 1901 651 1937 reputant
794 1902 934 1937 reputant
1077 1895 1209 1925 refutant
1358 1893 1490 1923 refutant

127 1946 183 1978 867
230 1946 260 1976 in
272 1952 389 1986 promtu
514 1947 660 1986 improptu
794 1948 971 1987 impromptu
1078 1946 1107 1975 in
1121 1949 1256 1985 promptu
1358 1943 1388 1972 in
1404 1947 1520 1983 promtu

230 2007 296 2036 quae
307 2001 378 2026 sunt
513 2007 569 2037 que
581 2000 651 2026 sunt
794 2001 922 2036 quesunt
1077 2006 1142 2035 quae
1155 1999 1225 2024 sunt
1358 2004 1423 2032 quae
1438 1997 1509 2022 sunt

127 2048 183 2080 869
230 2046 418 2076 insensilibus
469 2067 472 2072 -
512 2046 730 2076 insensibilibus
776 2062 780 2065 ¹
794 2046 983 2076 insensilibus
1076 2044 1264 2074 insensilibus
1358 2042 1548 2073 insensilibus

229 2095 296 2124 dico
512 2096 578 2126 dieo
795 2095 861 2124 dico
1076 2094 1151 2124 duco
1358 2093 1424 2122 dico

126 2150 184 2180 870
230 2155 342 2175 vermes
512 2156 625 2175 vermes
798 2154 911 2174 vermes
1077 2143 1201 2174 vei-meis
1357 2142 1481 2172 vermeis

127 2199 180 2229 871
229 2199 308 2224 tetro
513 2201 590 2226 tetro
794 2198 872 2224 tetro
1076 2198 1154 2224 tetro
1357 2197 1443 2222 taetro

229 2250 362 2285 putorem
513 2251 646 2286 putorem
784 2248 928 2283 ,putorem
1076 2250 1209 2284 putorem
1358 2246 1507 2282 putrorem

230 2305 296 2324 cum
513 2307 581 2336 qum
795 2304 864 2333 qum
1077 2303 1142 2323 cum
1356 2301 1423 2321 cum

232 2349 320 2374 nacta
332 2349 380 2375 est
514 2351 585 2376 nata
597 2349 645 2375 est
794 2348 866 2374 nata
877 2347 925 2373 est
1078 2345 1196 2372 nactast
1357 2338 1486 2369 nacta'st

129 2402 186 2431 872
232 2393 453 2434 Intempestivis
514 2396 551 2425 In
563 2394 748 2435 tempestivis
796 2394 832 2424 In
844 2392 1030 2433 tempestivis
1080 2389 1300 2430 Intempestivis
1359 2385 1581 2427 Intempestivis

130 2451 186 2481 873
232 2444 263 2473 in
275 2443 352 2473 idem
514 2446 544 2475 in
557 2445 634 2474 idem
780 2466 781 2469 η
794 2444 826 2472 in
839 2443 916 2472 idem
1078 2442 1108 2471 in
1122 2442 1199 2470 idem
1349 2439 1459 2469 itidem

130 2501 187 2531 874
233 2494 264 2523 in
514 2496 545 2525 in
795 2493 827 2522 in
1078 2492 1108 2521 in
1357 2487 1441 2517 deest

232 2542 351 2573 frondes
514 2545 632 2575 frondes
796 2542 914 2572 frondes
1079 2540 1209 2571 frondeis
1358 2537 1478 2567 frondes

129 2601 186 2630 877
233 2593 263 2622 in
274 2603 397 2632 *corpore
515 2595 545 2624 in
556 2605 679 2635 corpore
796 2592 825 2622 in
837 2602 960 2632 corpore
1079 2591 1109 2620 in
1117 2598 1244 2630 corpore
1359 2592 1391 2617 et
1402 2597 1526 2627 corpora

129 2649 187 2679 878
233 2653 333 2672 omnes
515 2655 616 2675 omnes
795 2652 896 2671 omnes
1080 2649 1191 2670 omneis
1361 2646 1473 2667 omneis

129 2699 186 2729 879
234 2693 375 2723 Verticet
516 2694 655 2724 Vei-ticet
798 2692 888 2721 vertit
905 2696 937 2721 et
1082 2689 1172 2719 vertit
1184 2693 1215 2718 et
1363 2686 1453 2716 vertit
1464 2690 1497 2716 et

514 2755 614 2774 omnes
796 2752 896 2771 omnes
1082 2739 1193 2769 omneis
1362 2735 1474 2766 omneis

129 2797 183 2823 881
515 2793 595 2823 deest
762 2817 765 2819 -
798 2791 879 2820 decet
1084 2789 1114 2818 in
1364 2786 1394 2816 in

233 2843 238 2849 ”
514 2843 592 2883 ignis
799 2841 881 2881 ignis
1084 2837 1180 2879 igneis
1365 2836 1461 2877 igneis

121 2894 185 2923 -883
516 2893 633 2924 Referri
801 2890 927 2921 Referre
1087 2887 1211 2918 Referre
1368 2884 1492 2916 Referre
