1967 3314
274 600 408 630 Brixiae.

128 651 169 679 V.

246 690 319 719 Sine
332 691 432 719 Anno.

118 787 176 813 322
225 779 364 820 Parvula*

223 838 292 868 quae

223 879 319 908 noctis

117 936 174 962 325
222 929 352 969 corporis

116 983 175 1011 326
221 979 391 1008 comunibus

222 1031 338 1059 haerent

116 1084 174 1113 ,327
221 1079 350 1120 pernicie

116 1134 174 1160 328
221 1141 238 1159 e

221 1180 295 1210 turis

114 1234 172 1262 329
219 1230 307 1259 facile
319 1234 367 1259 est

115 1284 170 1309 331
218 1279 306 1309 facile
318 1285 366 1309 est

113 1333 172 1357 333
219 1329 349 1358 consorti
362 1327 435 1357 fiunt

219 1377 291 1406 vitae

112 1431 170 1457 534
218 1427 275 1457 sibi
289 1437 416 1467 quaeque
430 1427 470 1456 si·

246 1488 283 1506 ne
294 1477 417 1507 alterius
431 1477 459 1506 vi

112 1530 170 1556 335
218 1528 328 1558 sentire

112 1580 171 1609 339
218 1587 313 1616 neque

218 1627 324 1657 durare

111 1679 167 1704 34!
218 1687 236 1706 a
248 1687 341 1706 causa

112 1729 171 1754 342
218 1725 371 1754 incolumis

112 1779 170 1804 345
219 1774 361 1804 Dissidue

218 1828 342 1863 possunt

110 1878 169 1903 344
218 1873 345 1912 poenitus

217 1922 350 1953 convulsi

217 1981 341 2011 cumque

110 2028 168 2054 345
218 2022 387 2052 Exineunte

217 2082 323 2112 corpus

110 2125 168 2153 346
218 2122 330 2151 Mutua

216 2172 316 2201 w'talis

110 2226 168 2255 347
215 2220 296 2250 deest

216 2276 336 2310 reposta

111 2325 169 2351 348
219 2320 384 2349 Discidium

218 2369 298 2398 deest

111 2424 169 2452 549
217 2419 373 2458 conjuncta
385 2422 432 2447 est

112 2474 167 2499 351
218 2472 354 2508 superest

218 2516 330 2547 refutat

111 2573 169 2599 352
217 2567 392 2607 permixtam

109 2623 168 2649 353
215 2618 422 2648 nominitamus

108 2673 166 2698 354
215 2678 272 2706 que

110 2722 166 2748 355
216 2717 304 2746 affert

109 2770 167 2798 356
216 2767 281 2806 ipse

109 2821 166 2851 359
215 2827 280 2846 cum

214 2867 294 2896 deest

108 2917 165 2946 362
214 2916 344 2946 Difficile
357 2923 404 2948 est

245 479 446 500 FRRRANDUS.

215 2978 299 3010 Vox„
322 2979 382 3010 IV.

598 265 815 314 LIBRI
861 265 1150 314 TERTII.

492 446 614 466 PAULL'S
632 448 765 468 FRIDEN-
790 447 982 467 THEODORUS
997 447 1038 466 DE

557 500 694 522 PERGER.

554 604 685 635 Veronoe.

587 697 599 720 l
605 695 671 722 486.

507 782 636 812 Parvula

505 842 563 870 que

505 882 601 911 noctis

504 941 627 971 corpore

503 980 704 1010 communibus

504 1031 610 1060 herent

503 1080 632 1120 pernitie

503 1135 550 1161 est

503 1181 578 1210 turis

501 1229 589 1260 facile
602 1236 650 1260 ost

501 1279 588 1309 facile
602 1286 650 1310 est

501 1331 630 1360 consorti
643 1330 717 1361 fiunt

500 1380 572 1409 vitae

499 1428 557 1457 sibi
565 1439 681 1469 queque
690 1430 735 1460 sin
741 1441 757 1460 e

539 1477 662 1508 alterius
676 1480 705 1509 vi

499 1533 580 1557 stare

495 1576 594 1617 vneque

501 1638 605 1658 aurare

501 1689 519 1708 a
533 1688 623 1707 causa

501 1728 530 1757 in
544 1728 666 1757 columis

502 1777 668 1807 Discidium

501 1826 578 1856 inter

500 1876 618 1915 penitus

499 1925 633 1955 convulsi

500 1985 614 2013 cunque

502 2026 550 2055 Ex
564 2026 682 2055 ineunte

501 2086 606 2115 corpus

501 2125 622 2154 Natura

499 2174 599 2204 vitalis

497 2223 577 2253 deest

497 2279 616 2314 reposto

499 2323 665 2353 Discidium

497 2372 579 2402 deest

498 2423 654 2462 conjuncta
668 2426 716 2451 est

498 2482 586 2511 super
599 2477 646 2502 est

500 2520 611 2549 refutat

498 2569 673 2609 permixtam

499 2618 678 2649 uomicamus

499 2679 568 2709 quae

498 2719 603 2748 afferet

498 2768 564 2807 ipsa

499 2828 568 2857 qum

498 2867 564 2907 quis

497 2918 626 2950 Difficile
642 2923 691 2950 est

796 502 1030 521 RAGAZONIBUS.

841 603 978 633 Venetiis.

795 781 924 811 Parvula

792 841 850 870 que

793 880 888 910 noctis

791 932 922 970 corporis

791 981 991 1012 communibus

792 1030 897 1060 herent

791 1079 916 1118 pernitie

789 1134 837 1158 est

790 1178 864 1208 turis

789 1228 876 1257 facile
890 1233 938 1259 est

788 1278 875 1308 facile
888 1284 936 1309 est

786 1330 915 1359 consorti
934 1329 1007 1359 fiunt

788 1379 860 1408 vitae

787 1429 844 1459 sibi
853 1440 968 1469 queque
980 1431 1042 1460 sine

825 1480 948 1510 alterius
962 1481 992 1510 in

786 1535 867 1561 stare

786 1592 881 1621 neque

787 1641 892 1660 aurare

786 1691 804 1710 a
818 1691 910 1710 causa

786 1729 816 1758 in
829 1729 951 1758 columis

786 1778 952 1807 Discidium

786 1828 864 1857 inter

784 1877 902 1916 penitus

785 1925 917 1956 convulsi

785 1986 899 2014 cunque

784 2026 832 2054 Ex
845 2025 965 2055 ineunte

783 2086 888 2114 corpus

784 2124 904 2154 Natura

783 2174 882 2204 vitalis

782 2225 863 2254 deest

782 2281 902 2316 reposto

783 2326 950 2356 Discidium

782 2374 863 2405 deest

782 2426 940 2465 conjuncta
952 2430 999 2455 est

782 2485 871 2514 super
882 2479 929 2504 est

782 2524 895 2554 refutat

782 2574 956 2614 permixtam

783 2623 961 2653 nominamus

783 2683 851 2711 quae

784 2722 888 2751 afferet

783 2771 850 2810 ipsa

784 2830 853 2858 qum

784 2869 864 2899 deest

786 2918 916 2950 Difficile
927 2924 976 2950 est

786 2981 859 3011 Hh

1139 480 1252 501 ALDUS.

1131 605 1270 636 Veraeziis.

1156 697 1170 722 1
1175 698 1241 723 500.

1079 782 1202 820 parvula

1079 841 1148 869 quae

1079 880 1167 911 dictis

1078 931 1208 970 corporis

1077 981 1278 1012 communibus

1078 1030 1194 1061 haerent

1077 1080 1205 1119 pernicie

1077 1140 1093 1158 e

1077 1179 1172 1209 thuris

1076 1228 1163 1257 facile
1177 1234 1224 1259 est

1076 1278 1194 1308 facilest

1076 1328 1224 1357 consortia
1236 1328 1310 1358 fiunt

1075 1377 1144 1406 x-itae

1074 1426 1130 1456 sibi
1139 1438 1262 1466 quaeque
1269 1429 1332 1458 sine
1354 1426 1418 1456 sine
1425 1426 1617 1467 viquidquam

1112 1476 1234 1506 alterius
1250 1478 1280 1506 vi

1073 1531 1209 1556 constare

1073 1587 1167 1615 neque

1073 1625 1178 1654 durare

1071 1685 1107 1704 ea
1121 1686 1212 1706 causa

1071 1725 1223 1755 incolomis

1071 1774 1225 1804 dissidium

1072 1829 1210 1863 poterunt

1072 1874 1189 1912 penitus

1070 1922 1201 1952 convolsi

1070 1982 1183 2011 conque

1070 2023 1118 2052 Ex
1131 2023 1250 2053 ineunte

1069 2072 1198 2112 corporis

1070 2121 1181 2151 Mutua

1069 2170 1168 2201 vitalis

1067 2220 1148 2250 deest

1067 2275 1187 2310 reposta

1068 2319 1234 2349 Dissidium

1066 2368 1147 2397 deest

1066 2419 1253 2458 conjunctast

1066 2474 1203 2508 superest

1068 2518 1179 2547 refutat

1067 2568 1237 2607 permistam

1068 2617 1277 2647 nominicamus

1066 2677 1124 2706 que

1067 2717 1171 2746 afferet

1067 2767 1132 2806 ipsa

1067 2828 1132 2846 cum

1066 2868 1146 2898 deest

1066 2918 1183 2949 difficile
1199 2923 1246 2949 est

1545 279 1632 319 241

1379 427 1396 446 E
1403 428 1422 446 X
1432 428 1595 451 TYPOGRA.

1350 481 1427 501 PHIA
1443 483 1623 505 SOCIETATIS

1389 536 1584 557 BIPONTIXAE.

1371 781 1498 813 Parvola

1368 842 1434 870 quae

1367 881 1455 912 dictis

1366 933 1496 972 corporis

1364 982 1564 1014 communibus

1362 1030 1476 1061 haerent

1363 1080 1493 1119 pernicie

1363 1141 1380 1159 e

1362 1181 1459 1211 thuris

1362 1228 1492 1260 facile’st

1361 1278 1492 1308 facile'st

1361 1327 1436 1356 fiunt
1451 1329 1581 1358 consorti

1361 1376 1424 1406 rita

1400 1474 1523 1506 alterius
1537 1476 1594 1507 sibi

1361 1527 1472 1557 sentire

1361 1586 1415 1605 nec

1359 1625 1465 1656 durare

1359 1674 1396 1702 ab
1410 1675 1467 1704 hac
1481 1685 1573 1705 causa

1357 1722 1512 1753 incolumis

1359 1772 1526 1802 Discidium

1358 1827 1486 1861 possunt

1359 1871 1477 1910 penitus

1358 1919 1489 1950 convolsi

1357 1981 1471 2009 conque

1358 2020 1406 2049 Ex
1420 2020 1540 2050 ineunte

1357 2069 1488 2109 corporis

1357 2119 1468 2149 Mutua

1355 2169 1474 2199 vitaleis

1355 2220 1386 2249 in

1355 2273 1474 2309 reposta

1355 2318 1522 2348 Discidium

1354 2373 1387 2397 ut

1353 2415 1551 2457 conjuncta'st

1352 2470 1489 2506 superest

1352 2520 1472 2545 renutat

1352 2565 1523 2605 permistam

1351 2619 1559 2649 nominitamus

1352 2680 1410 2709 que

1351 2720 1458 2750 afferet

1353 2769 1419 2809 ipsa

1352 2830 1418 2848 cum

1352 2868 1432 2898 deest

1355 2917 1543 2958 Desipere'st
