1967 3314
274 283 370 326 324·
566 272 1023 322 VARIANTES
1068 273 1516 324 LECTIONES

1559 436 1599 455 EX
1615 436 1633 455 T
1639 434 1782 455 YPOGRA-

678 454 799 475 PAULUS
815 453 951 474 mumm-
974 455 1167 476 THEODOBUS
1182 455 1223 475 DE

982 508 1218 528 RAGAZONIBUS.

428 488 632 510 nannenus.

1537 490 1614 510 PnlA
1631 487 1816 509 socuzTA'tls

1581 541 1777 563 mrox‘rutae.

747 509 884 529 renel-32.
1333 490 1447 512 *mus*

758 614 887 644 Veronae.
1035 614 1173 644 Veneriis.
1321 616 1457 646 Venerii-2³⁴

1609 612 1744 654 Biponti.

441 705 515 734 Sine
528 706 626 735 Anno.
779 709 860 737 1486.
1063 707 1146 735 1495·
1350 708 1434 735 1500.
1639 706 1722 735 1782.

418 807 562 839 paresque
702 806 848 837 paresque
987 804 1133 834 paresque
1273 797 1429 837 parcisque
1562 801 1706 832 paresque

419 852 520 888 partes
704 850 805 886 partes
989 848 1090 883 partes
1274 846 1385 888 parteis
1563 841 1674 881 parteis

420 898 550 938 pondere
703 895 832 935 pondera
991 894 1120 934 pondera
1275 897 1408 937 pondera
1562 891 1693 931 pondera

421 947 514 988 prelia
704 943 807 984 proelia
991 942 1095 982 proelia
1276 945 1381 985 praelia
1564 940 1668 981 proelia

421 996 573 1027 dissimilis
705 992 858 1023 dissimilis
991 991 1144 1022 dissimilis
1276 993 1446 1025 dissimileis
1567 993 1737 1024 dissimileis

421 1057 454 1076 se
706 1054 739 1073 se
992 1053 1025 1071 se
1277 1054 1344 1074 sese
1565 1053 1632 1073 sese

422 1095 526 1126 sedare
708 1093 813 1124 sedare
993 1091 1098 1120 sedare
1278 1094 1349 1123 dare
1567 1093 1638 1122 dare

420 1144 626 1175 convenientis
707 1141 910 1172 convenientis
995 1141 1197 1172 convenientis
1280 1141 1498 1173 convenienteis
1567 1142 1788 1173 convenienteis

424 1205 442 1224 a
709 1203 726 1222 e
995 1201 1012 1220 e
1281 1205 1300 1224 a
1567 1204 1586 1222 a

1569 1243 1622 1273 coel
1626 1253 1675 1273 um

1568 1303 1702 1323 seorsum

1569 1347 1687 1373 secreto

1569 1392 1692 1421 humore

1570 1444 1689 1481 pateret

711 1241 814 1270 caelum
996 1241 1102 1270 caelnm
1282 1243 1384 1274 caelum

713 1301 829 1321 sursum
997 1301 1113 1321 sursum
1282 1302 1414 1324 seorsum

716 1345 832 1372 secreto
998 1345 1114 1371 secreto
1283 1346 1430 1374 secretum

714 1394 877 1430 humorque
998 1392 1161 1429 humorque
1283 1395 1446 1431 humorque

716 1445 833 1482 pateret
999 1443 1116 1480 pateret
1284 1446 1402 1483 pateret

715 1501 831 1531 queque
999 1500 1124 1530 quaeque
1285 1502 1408 1533 quaeque

716 1540 814 1570 medio
828 1538 906 1579 quod
1000 1539 1096 1569 medio
1109 1538 1188 1578 quod
1285 1543 1439 1581 medioque

717 1591 783 1624 Que
1001 1590 1077 1624 Quae
1288 1594 1364 1628 Quae

717 1639 837 1669 coibant
1003 1638 1122 1667 coibant
1288 1643 1408 1673 coibant

718 1699 775 1729 que
1003 1698 1069 1726 quae
1288 1703 1354 1733 quae

719 1739 827 1779 sydera
1003 1737 1111 1777 sydera
1289 1742 1390 1773 sidera

720 1790 776 1818 hec
1004 1789 1069 1816 haee
1290 1793 1354 1821 haec

720 1843 751 1868 et
1004 1842 1035 1866 et
1290 1845 1361 1871 sunt

722 1889 835 1918 levibus
1006 1885 1120 1915 levibus
1291 1890 1414 1920 laevibus

721 1938 882 1968 minoribus
1006 1936 1166 1965 minoribus
1292 1940 1452 1970 minoribus

721 1992 812 2017 terrae
1007 1990 1097 2015 terrae
1294 1995 1383 2020 terrae

722 2038 832 2078 primas
1007 2035 1118 2075 primas
1295 2040 1408 2080 primus

723 2086 867 2117 substulit
1008 2083 1151 2114 substulit
1295 2088 1438 2119 substulit

725 2137 802 2177 ignis
1009 2135 1088 2175 ignis
1296 2140 1392 2179 igneis

726 2198 795 2227 qum
1010 2194 1079 2223 qum
1295 2199 1361 2218 cum

726 2236 874 2277 gementis
1011 2233 1158 2274 gementis
1297 2237 1492 2279 gemmanteis

728 2291 799 2316 rotae
1009 2289 1081 2314 rotae
1297 2298 1362 2318 rore

426 1244 528 1274 caelnm

426 1305 543 1324 sursum

427 1347 544 1373 secreto

428 1393 591 1431 humorque

429 1446 530 1482 pateet

429 1502 553 1532 quaeque

429 1542 526 1572 medio
539 1542 618 1581 quod

432 1593 478 1626 Qu
483 1602 510 1621 ae

431 1642 559 1681 coybant

431 1700 500 1730 quae

432 1740 542 1780 sydera

434 1792 497 1820 haec

434 1852 451 1870 e

1579 1886 1704 1917 laevibus

1579 1935 1737 1966 minoribu'

1580 1990 1671 2015 terrae

1579 2034 1691 2074 primus

1580 2082 1705 2113 sustulit

1581 2131 1679 2172 igneis

1581 2192 1647 2211 cum

1582 2231 1777 2272 gemmanteis

1584 2293 1650 2311 rore

435 1892 548 1922 levibus

435 1941 597 1971 minoribus

436 1996 542 2020 terrrae

436 2040 547 2079 primus

436 2090 579 2119 substulit

438 2139 517 2179 ignis

439 2198 505 2217 cum

439 2238 587 2278 gemantis

441 2298 507 2317 rore

1586 2331 1801 2370 Exhalantquo

1585 2380 1725 2420 fluviique

1586 2441 1731 2471 perennes

1588 2480 1662 2520 Ipsa

1588 2541 1706 2571 quoque

1588 2592 1655 2622 qnae

1589 2643 1655 2662 cum

730 2335 920 2374 Exalantque
1015 2334 1204 2374 Exalantque
1301 2337 1511 2375 Exhalantque

728 2385 884 2424 fluviisque
1011 2385 1168 2424 fluviisque
1298 2387 1438 2426 fluviique

730 2436 905 2476 perhemnes
1014 2436 1188 2475 perliemnae
1301 2446 1445 2478 perennes

732 2487 861 2527 Ipsaque
1016 2485 1146 2525 Ipsaque
1302 2487 1375 2527 Ipsa

729 2542 763 2566 ut
1015 2539 1049 2565 ut
1301 2547 1419 2577 quoque

730 2597 787 2626 que
1015 2595 1082 2625 quae
1300 2597 1368 2626 qnae

731 2646 801 2675 qum
1015 2646 1084 2675 qum
1301 2647 1367 2665 cum

731 2685 786 2715 sub
799 2688 906 2714 texunt
1015 2685 1071 2714 sub
1089 2689 1196 2715 texunt
1302 2685 1465 2714 subtexunt

733 2734 841 2764 nebula
1017 2734 1124 2764 nebula
1304 2734 1406 2764 nubila

732 2783 840 2814 caelum
1016 2784 1123 2814 caelum
1304 2784 1409 2814 coelum

732 2844 799 2862 cum
1017 2845 1082 2864 cum
1304 2845 1371 2864 cnm

733 2883 922 2914 circundatus
1017 2883 1207 2914 circundatus
1304 2882 1493 2914 circundatus

733 2934 828 2965 omnis
1019 2933 1113 2963 omnis
1305 2931 1416 2962 omneis

444 2338 633 2377 Exalantque

441 2387 597 2427 fluviisque

442 2447 586 2477 perennes

443 2487 574 2526 Ipsaque

442 2541 476 2566 ut

443 2597 510 2626 quae

444 2648 510 2667 cum

443 2688 607 2717 subtexunt

445 2737 548 2767 nubila

445 2787 548 2816 caelum

445 2845 511 2865 cum

444 2885 644 2915 circumdatus

444 2935 539 2966 omnis

1591 2683 1754 2712 subtexunt

1590 2730 1691 2762 nubila

1590 2779 1695 2810 coelum

1590 2834 1654 2859 tum

1591 2878 1792 2910 circumdatus

1592 2929 1704 2960 omneis
