1967 3314
115 1221 172 1252 647

114 1320 171 1347 648

113 1417 171 1446 650

114 1517 168 1545 651

114 1567 171 1595 652

116 1766 174 1794 653

117 1816 173 1844 654

117 1865 173 1893 655

116 1915 173 1943 656

117 1964 174 1995 657

116 2014 173 2042 658

115 2116 173 2147 659

115 2165 174 2193 660

117 2313 172 2341 661

119 2413 177 2442 663

117 2611 176 2640 665

116 2759 174 2788 666

117 2809 175 2840 669

116 2907 174 2941 670

228 461 429 484 ΕῈΒΕΑΝΒΠΞ.

598 247 814 299 LIBRI
856 244 1096 299 SEXTI.

476 431 598 452 PAULUS
613 433 748 453 FRIDEN-
770 433 966 454 THEODORUS
981 433 1021 452 DE

548 485 683 507 PERGER.

783 488 1020 508 RAGAZONlBUs.

1130 463 1242 485 ALnus.

1520 251 1617 304 379

1361 409 1401 428 Ex
1413 410 1576 431 TYPOGRA-

1332 463 1410 482 1²111A
1426 463 1607 485 soen-:TATIS

1373 517 1554 549 BlPON'nNAE
1560 532 1567 539 .

195 559 1606 570 ——w———fflm-—ss———Q

274 589 402 620 Brixiae.

225 679 299 708 Sine
312 680 413 708 Anno.

214 769 251 799 de

215 820 327 859 graecia

216 869 339 899 cohorta

217 920 281 948 caeli

217 969 331 999 stillare

218 1019 326 1059 pavida

218 1069 403 1109 complebant

218 1123 339 1158 pectora

219 1179 289 1199 cura

219 1218 249 1247 in

219 1268 279 1298 late
293 1273 340 1298 est

218 1317 313 1357 partis

217 1366 429 1406 d'nspiciendum

217 1416 320 1445 caelum

217 1477 333 1497 summa

217 1517 335 1548 multaes
347 1517 408 1546 ima

219 1567 288 1596 Nec

218 1621 284 1646 tota

219 1671 300 1697 terra

219 1720 311 1755 quota

220 1766 294 1795 bene

222 1814 265 1843 Ut

221 1864 344 1894 miratus

221 1915 373 1943 cohortam

221 1974 307 2003 quem
321 1963 366 1993 vis

221 2013 415 2053 Obturgescit

220 2063 326 2102 arripit

220 2113 324 2142 dentes

221 2162 337 2193 Existit

220 2212 280 2242 urit

221 2273 345 2302 corpora

222 2311 434 2350 Quamcunque

223 2360 360 2399 repitque

224 2410 292 2438 haec

225 2458 318 2488 morbi

226 2508 385 2547 caelumque

225 2557 359 2587 malefert

223 2606 299 2637 caelo

223 2661 372 2695 terraequc

221 2707 383 2747 putandum
396 2711 444 2737 est

223 2757 272 2785 Ex

221 2808 358 2837 aethneus

222 2857 323 2887 caelum

218 2906 351 2939 caelestia

496 821 602 860 gnecia

497 872 636 902 decorata

499 922 566 951 caeli

499 972 660 1001 scintillare

500 1022 597 1061 panda

500 1072 696 1111 complectant

500 1131 622 1160 corpora

499 1169 574 1199 dura

500 1220 530 1248 in

500 1268 590 1298 latest

499 1319 594 1358 partis

499 1368 618 1406 dispitie
623 1367 712 1396 ndum

499 1417 600 1446 caelum

499 1477 613 1495 summa

498 1516 599 1546 multae
611 1516 686 1546 sima

502 1566 569 1596 Nec

500 1620 565 1646 tota

501 1669 580 1694 terra

502 1717 592 1752 quota

503 1764 576 1792 bene

506 1812 548 1842 Et

503 1863 627 1893 miratur

503 1917 635 1942 coortam

503 1972 590 2000 quem
604 1961 649 1991 vis

504 2011 714 2051 Obsturgescit

505 2060 611 2100 arripit

504 2111 608 2141 dentes

505 2161 623 2191 Exiscit

506 2212 565 2241 urit

504 2271 626 2301 corpora

504 2311 717 2350 Quamcunque

504 2361 670 2400 repetitque

505 2409 562 2437 hec

505 2458 599 2487 morbi

507 2508 667 2546 caelumque

506 2556 642 2586 malefert

506 2606 574 2636 caeli

505 2661 654 2695 terraeque

505 2706 697 2746 putandumst

507 2757 549 2786 Et

506 2806 640 2836 aethneus

505 2855 606 2885 caelum

503 2904 633 2936 caelestia

832 591 969 621 Venetiis.

858 684 940 713 1495.

780 771 862 800 deest

780 821 886 862 gnecia

780 872 920 900 decorata

781 920 845 949 caeli

782 969 946 999 scintillare

783 1019 881 1058 panda

783 1068 980 1108 complectant

782 1128 905 1157 corpora

783 1166 856 1197 dura

784 1218 814 1247 in

784 1268 895 1298 latesta

784 1317 878 1356 partis

783 1366 993 1405 dispitiendum

784 1415 886 1444 caelum

783 1476 897 1496 summa

783 1516 888 1546 multae
901 1516 978 1546 sima

786 1565 853 1594 Nec

784 1620 851 1644 tota

785 1670 867 1694 terra

785 1719 876 1752 quota

786 1764 860 1793 bene

789 1813 814 1842 E
819 1818 832 1843 t

788 1863 912 1893 miratur

789 1918 919 1943 coortam

788 1974 874 2002 quem
888 1964 933 1993 vis

788 2014 999 2054 Obsturgescit

788 2063 878 2103 aripit

789 2113 893 2143 dentes

791 2162 908 2191 Exiscit

788 2212 864 2241 urrit

789 2272 912 2301 corpora

789 2313 1002 2350 Quamcunque

788 2362 954 2400 repetitque

790 2412 844 2439 hec

790 2460 883 2489 morbi

790 2509 950 2548 caelumque

789 2557 924 2587 malefert

790 2606 854 2636 caeli

790 2661 926 2697 terreque

789 2707 982 2746 putandumst

792 2756 833 2785 Et

790 2806 926 2835 aethneus

790 2854 892 2885 caelum

789 2904 919 2936 caelestia

1115 588 1253 621 Venetiis.

1142 681 1226 707 1500.

1064 782 1130 810 quae

1063 820 1148 850 clade

1063 875 1164 901 coorta

1064 920 1129 950 coeli

1063 970 1226 1000 scintillare

1064 1021 1161 1060 panda

1065 1070 1263 1110 complectant

1065 1130 1187 1160 corpora

1064 1169 1139 1199 dura

1066 1218 1096 1247 in

1066 1269 1157 1299 latest

1066 1319 1176 1358 parteis

1066 1368 1282 1408 dispiciendum

1066 1416 1171 1446 coelum

1065 1466 1190 1497 summai

1065 1515 1234 1546 multesima

1068 1566 1135 1594 Nec

1066 1619 1131 1643 tota

1066 1662 1159 1692 terrai

1067 1717 1158 1752 quota

1067 1763 1143 1791 bone

1068 1816 1099 1840 et

1068 1862 1193 1892 miratur

1069 1917 1199 1942 coortam

1069 1961 1202 2001 quemvis

1075 2011 1269 2052 obturgescit

1073 2061 1179 2101 arripit

1070 2110 1186 2140 denteis

1070 2161 1170 2191 exurit

1071 2211 1132 2241 urit

1072 2270 1195 2300 corpora

1072 2313 1275 2350 Quaucunque

1071 2361 1206 2401 repitque

1070 2411 1133 2440 haec

1070 2459 1164 2489 morbi

1071 2508 1236 2547 coelumque

1070 2556 1205 2587 malet'ert

1070 2606 1145 2636 coelo

1073 2661 1218 2694 terraeque

1402 590 1537 631 Biponti.

1423 684 1437 710 1
1442 684 1507 714 782.

1351 769 1388 799 de

1351 820 1434 850 clade

1351 875 1452 900 coorta

1351 918 1418 949 coeli

1351 969 1515 999 scintillare

1352 1019 1460 1058 pavida

1353 1068 1539 1109 complebant

1352 1122 1474 1158 pectora

1353 1178 1423 1197 cura

1353 1216 1434 1246 deest

1354 1266 1456 1297 late'st

1353 1315 1466 1355 parteis

1353 1364 1568 1404 dispiciendum

1354 1415 1459 1444 coelum

1353 1465 1478 1496 summai

1352 1515 1520 1545 multesima

1352 1566 1394 1595 Et

1353 1619 1444 1654 quota

1352 1663 1447 1693 terrai

1354 1865 1478 1895 miratur

1353 1920 1483 1944 coortam

1353 1962 1486 2003 quemvis

1354 2011 1549 2052 Obturgescit

1356 2061 1462 2102 arripit

1355 2111 1472 2142 deuteis

1357 2162 1383 2191 E
1388 2161 1490 2191 xsistit

1357 2211 1415 2241 urit

1356 2270 1478 2300 corpore

1357 2311 1570 2349 Quamcunque

1356 2359 1492 2398 repitque

1355 2409 1418 2437 haec

1356 2457 1439 2487 uobis

1357 2507 1520 2546 coelumque

1357 2557 1428 2586 mali
1437 2557 1496 2587 fert

1357 2608 1430 2638 coelo

1356 2663 1501 2697 terraeque

1357 2706 1564 2747 putandum’st

1360 2855 1465 2886 coelum

1360 2905 1494 2935 coelestia
