1967 3314
578 229 796 278 LIBRI
841 229 1085 277 SEXTI.
1490 237 1579 280 391

1334 387 1375 406 Ex
1387 388 1550 410 TYPOGRA-

1305 440 1382 459 PBIA
1399 441 1577 464 soen-:TATls

450 411 574 430 PAULUS
589 410 724 430 FMDEN-
751 411 942 432 THEODORUS
957 412 998 430 DE

205 444 406 465 FERRANDUS.

522 463 656 483 PERGER.
755 465 990 485 RAGAZONIBUS.

1346 493 1525 515 BIPONTINAE
1532 509 1538 516 .

526 569 656 599 Veronae.
807 566 944 596 Veneriis.
1093 566 1231 597 Veneriis.
1374 564 1473 604 Bipon
1477 563 1509 592 ti.

552 658 634 686 1486.
834 659 920 687 1495.
1403 659 1487 688 1782.

473 747 550 776 tinet
756 743 832 773 tinet
1038 743 1123 773 timet
1324 745 1410 775 timet

473 795 565 825 subiis
757 794 849 823 subiis
1040 793 1130 822 subus
1325 795 1415 824 subus

194 855 336 874 venenum
349 849 396 874 est
473 856 617 875 venenum
627 850 675 876 est
757 854 899 873 Yeuenum
913 848 960 873 est
1040 846 1214 872 venenumst
1326 846 1511 876 venenum'st

194 905 297 923 cenum
474 900 576 925 cenum
757 903 860 922 cenum
1042 901 1155 921 coenum
1326 903 1439 923 coenum

194 943 347 973 teterrima
474 946 625 975 teterrima
757 943 908 973 teterrima
1041 941 1192 971 teterrima
1326 943 1484 974 taeterrima

193 993 284 1022 subus
475 995 567 1025 subiis
762 990 854 1019 subiis
1042 990 1132 1020 subus
1326 991 1416 1022 subus

193 1043 256 1071 haec
474 1046 530 1074 hec
760 1040 822 1069 haec
1043 1042 1109 1070 haec
1325 1040 1388 1070 haec

194 1091 274 1121 deest
475 1095 556 1124 deest
754 1089 839 1118 deest
1042 1089 1121 1119 deest
1325 1101 1374 1120 res

194 1141 302 1170 munda
475 1144 592 1174 munela
758 1138 875 1167 munela
1035 1141 1168 1180 jucunda
1326 1141 1434 1170 munda

195 1191 351 1221 volvantur
476 1193 667 1223 vulnerantur
759 1186 947 1217 volnerautur
1040 1190 1195 1220 volvantur
1326 1189 1481 1221 volvantur

195 1245 334 1280 superest
475 1253 564 1282 super
577 1247 627 1272 est
761 1246 849 1276 super
862 1241 910 1266 est
1043 1246 1182 1279 superest
1326 1245 1462 1279 superest

195 1301 283 1330 quam
476 1303 564 1332 quam
762 1296 850 1324 quam
1046 1289 1114 1328 quia
1327 1300 1416 1328 quam

194 1340 230 1369 de
246 1351 278 1369 re
476 1342 545 1371 dere
761 1336 832 1365 dere
1328 1338 1364 1366 de
1377 1349 1411 1367 re

195 1389 318 1428 praedita
475 1391 591 1430 predita
762 1386 878 1424 predita
1328 1387 1453 1426 praedita

195 1449 321 1479 quaeque
477 1450 592 1478 queque
763 1445 890 1474 quaeque
1329 1446 1454 1474 quaeque

195 1488 303 1517 etenim
476 1494 509 1519 et
522 1489 599 1519 enim
765 1489 795 1514 et
809 1484 887 1513 enim
1329 1485 1438 1514 etenim

196 1538 313 1578 proprie
477 1549 568 1578 prope
741 1567 744 1569 ,
765 1543 855 1572 prope
1051 1535 1164 1573 Proprie
1330 1534 1446 1573 proprie

198 1588 323 1627 percipit
479 1587 604 1626 precipit.
763 1582 889 1622 precipit
1049 1583 1174 1623 percipit
1330 1583 1456 1622 percipit

200 1637 260 1666 alio
479 1637 537 1666 alio
764 1631 822 1661 alio
1050 1632 1109 1661 alio
1331 1633 1391 1661 alia

201 1687 316 1726 alioque
479 1682 595 1726 alioqu'e
765 1680 881 1719 alioque
1052 1683 1167 1722 alioque
1331 1682 1449 1722 aliaque

201 1737 280 1767 sucis
479 1736 558 1766 sucis
767 1739 846 1758 sucis
1053 1732 1148 1762 succis
1331 1732 1428 1761 succis

202 1786 260 1815 alio
480 1785 538 1814 alio
767 1778 825 1807 alio
1053 1782 1110 1811 alio
1332 1781 1391 1811 alia

201 1836 311 1866 nidoris
480 1835 598 1864 nidores
765 1828 882 1858 nidores
1051 1832 1159 1862 nidoris
1332 1832 1446 1862 nidoris

203 1885 345 1915 Preterea
482 1884 643 1924 Propterea
766 1878 930 1917 Propterea
1053 1881 1213 1921 Propterea
1336 1882 1487 1912 Praeterea

201 1934 282 1963 deest
480 1934 560 1963 deest
765 1927 846 1956 deest
1051 1931 1130 1960 <least
1333 1944 1384 1972 per

202 1983 279 2023 ignis
480 1981 559 2023 i'gnis
767 1978 845 2017 ignis
1052 1980 1143 2021 tignis
1335 1981 1416 2022 ligna

202 2033 341 2072 intusque
481 2034 620 2073 intusque
766 2028 905 2067 intusque
1054 2031 1185 2070 vitroque
1335 2030 1469 2070 vitroque

202 2093 236 2112 ac
483 2084 539 2112 hac
747 2101 753 2106 .
766 2079 823 2107 hae
1051 2082 1105 2110 hac
1335 2079 1392 2108 hac

202 2133 316 2172 species
483 2133 594 2172 speties
767 2128 878 2168 speties
1052 2129 1166 2170 species
1336 2128 1450 2167 species

201 2183 263 2213 ulla
482 2181 550 2210 illas
767 2177 834 2206 illas
1053 2181 1120 2210 illac
1336 2177 1411 2207 illac

205 2233 254 2262 De
484 2232 585 2269 Atque
768 2228 870 2265 Atque
1057 2232 1158 2268 Atque
1343 2229 1444 2266 Atque

205 2281 306 2311 eadem
485 2281 586 2310 eadem
769 2276 872 2305 eadem
1054 2280 1178 2308 eandem
1338 2277 1441 2306 eadem

485 2329 560 2358 bone
769 2326 844 2354 b011e
1056 2329 1130 2358 bone
1338 2327 1412 2362 bene

489 2379 544 2406 hec
770 2376 833 2404 haec
1057 2379 1119 2407 haee
1338 2377 1403 2405 haee

488 2432 520 2457 at
772 2430 803 2456 at
1057 2432 1147 2467 atque
1340 2427 1434 2461 atque

489 2480 628 2515 preposta
772 2479 913 2515 preposta
1059 2483 1206 2518 praeposta
1339 2476 1491 2512 praeposta

209 2534 345 2569 superest
491 2535 579 2565 super
592 2530 639 2555 est
774 2535 863 2565 super
877 2528 925 2554 est
1060 2539 1147 2568 super
1159 2533 1207 2558 est
1340 2526 1479 2560 superest

210 2578 278 2608 hinc
350 2607 354 2612 ,
492 2575 562 2604 huic
777 2574 846 2604 huic
1061 2577 1129 2607 huic
1341 2571 1411 2600 hinc

210 2627 348 2658 reddetur
494 2623 625 2654 redditur
778 2623 910 2654 redditur
1061 2625 1200 2656 reddetur
1343 2621 1482 2650 reddetur

212 2677 332 2717 patefiet
494 2674 615 2713 patefiet
779 2678 852 2714 pate
869 2672 921 2701 fiet
1062 2674 1185 2715 patefiet
1344 2669 1466 2710 patefiet

211 2737 268 2766 que
495 2735 561 2763 quae
780 2734 846 2763 quae
1063 2733 1131 2763 quae
1345 2731 1411 2760 quae

211 2775 281 2804 ferri
493 2773 556 2803 fieri
779 2773 844 2802 fieri
1063 2772 1134 2802 ferri
1346 2770 1418 2800 ferri

1348 2820 1480 2861 pelliciat
1492 2819 1550 2849 vim

1349 2881 1367 2900 e

213 2835 265 2864 per
278 2824 409 2855 littatum
493 2834 545 2863 per
560 2823 692 2854 littatum

210 2879 242 2905 et
494 2884 511 2902 e

781 2834 833 2863 per
841 2823 892 2854 litr
896 2826 977 2854 atum

780 2882 797 2901 e

1064 2821 1197 2863 pelliciat
1209 2822 1267 2852 vim

1063 2882 1080 2901 e
