1967 3314
330 237 421 280 166

644 234 1103 285 VARIANTES
1142 233 1581 283 LECTIONES

467 445 671 468 ranANnus.

720 417 777 436 PAU
783 417 841 436 Lus
855 416 991 437 FRIDEN-

785 470 922 491 PERGER.

1016 416 1209 437 THEODORUS
1224 416 1266 436 DE

1024 470 1258 492 RAGAzomnus.

1604 395 1645 415 Ex
1660 394 1826 419 ‘nummu-

1577 449 1656 470 PHIA
1668 449 1849 474 socnnwns

1610 503 1804 526 niroxnnae.

501 571 632 601 Brixiae.
793 573 925 604 Veronoe.
1074 574 1214 605 Venetiis.

477 661 551 691 Sine
563 662 662 693 Anno.

814 668 897 696 1486.
1102 669 1187 698 1495.

453 756 562 782 terram
736 758 827 788 terrai
1023 755 1114 786 terrai
1305 758 1414 784 terram
1593 757 1701 783 terram

454 802 602 832 submissa
737 809 791 838 sub
806 808 897 839 missa
1022 805 1077 834 sub
1091 805 1182 836 missa
1306 805 1456 835 submissa
1591 803 1752 834 summissa

455 852 572 882 miserae
738 858 844 887 misere
1023 855 1128 885 misere
1308 854 1426 884 miserae
1592 851 1707 881 misene

454 902 580 930 donarat
737 907 862 937 donaret
1022 904 1148 935 donaret
1309 902 1435 932 donaret
1591 901 1718 930 donarat

453 949 571 980 sublata
737 956 793 985 sub
808 956 870 986 lata
1023 955 1078 983 sub
1092 954 1155 984 lata
1307 951 1426 981 sublata
1592 949 1712 980 sublata

454 1001 547 1029 virum
738 1006 831 1035 visum
1022 1004 1116 1033 virum
1307 1000 1401 1030 virum
1593 1000 1687 1029 virum

456 1049 595 1079 Deducta
608 1054 657 1079 est
738 1056 879 1086 Deduc1a
892 1061 940 1087 est
1024 1054 1163 1084 Deducta
1177 1058 1225 1084 est
1307 1051 1466 1081 deductast
1593 1049 1775 1080 Deducta'st

454 1099 568 1128 S⁰le¹¹¹¹i
738 1105 861 1135 solemni
1023 1103 1144 1133 solemni
1308 1101 1422 1131 solenni
1591 1099 1707 1129 solenni

455 1150 599 1189 hymeneo
741 1156 908 1195 Hymenaeo
1025 1154 1190 1194 Hymenaeo
1311 1152 1478 1191 Hymenaeo
1595 1150 1761 1190 Hymenaeo

455 1199 568 1229 inceste
739 1204 853 1235 inceste
1023 1204 1137 1234 inceste
1308 1202 1430 1232 incestae
1592 1200 1706 1231 inceste

455 1248 536 1278 soelix
738 1254 820 1284 foelix
1023 1253 1105 1283 foelix
1311 1251 1393 1281 foelix
1591 1250 1664 1280 felix

455 1298 586 1329 Tantum
596 1299 711 1339 relligio
741 1304 890 1334 Malorum
927 1311 993 1335 tan·
1023 1303 1154 1333 Tantum
1164 1303 1279 1344 relligio
1309 1302 1439 1332 Tantum
1448 1301 1564 1341 relligio
1592 1301 1724 1331 Tantum
1733 1300 1849 1342 relligio

481 1349 577 1389 POtUit
586 1350 710 1379 suadere
751 1359 813 1384 tum
819 1354 936 1395 relligio
943 1366 993 1395 po·
1049 1352 1147 1393 potuit
1153 1353 1278 1382 suadere
1332 1351 1430 1391 potuit
1438 1351 1564 1381 suadere
1617 1351 1716 1392 potuit
1723 1350 1848 1381 suadere

480 1398 622 1430 malorum
750 1404 808 1434 tnit
821 1406 945 1435 suadere
1047 1401 1190 1431 malorum
1337 1401 1479 1431 malorum
1618 1400 1760 1431 malorum

456 1449 536 1479 Tute
549 1453 610 1480 met
739 1455 818 1485 Tute
831 1460 893 1485 met
1022 1451 1102 1480 Tute
1115 1455 1176 1480 met
1307 1451 1450 1480 Tutemet
1592 1450 1735 1480 Tutemet

455 1500 559 1539 quovis
738 1516 796 1545 quo
809 1505 876 1545 quis
1022 1510 1080 1540 quo
1093 1500 1160 1539 quis
1308 1501 1413 1540 quovis
1591 1499 1696 1540 quovis

456 1549 571 1578 Vatum
738 1560 839 1585 natum
1023 1553 1124 1579 natum
1309 1550 1424 1579 *Vatum
1592 1549 1708 1579 Vatum

394 1604 406 1612 “
455 1598 563 1628 etenim
739 1609 884 1635 aeternum
1023 1607 1054 1630 et
1069 1600 1146 1629 enim
1307 1604 1338 1629 et
1348 1599 1426 1628 enim
1590 1598 1702 1629 etenim

455 1658 520 1687 ‘1¹¹ae
738 1664 795 1693 que
1023 1660 1080 1689 que
1308 1657 1377 1687 quae
1591 1659 1657 1689 quae

454 1707 548 1727 omnis
738 1712 838 1732 omnes
1023 1709 1124 1728 omnes
1307 1707 1420 1727 omneis
1590 1708 1703 1728 omneis

454 1748 575 1777 merito:
591 1757 658 1778 nam
738 1752 860 1782 merito:
870 1753 934 1792 jam
1023 1748 1201 1779 meritoriam
1308 1746 1427 1777 merito:
1443 1757 1510 1777 nam
1590 1747 1708 1778 merito:
1722 1757 1790 1778 nam

454 1802 566 1827 certam
739 1805 850 1831 certum
1023 1804 1136 1829 certum
1308 1801 1421 1827 certum
1590 1803 1701 1829 certam

456 1847 653 1878 Erumnarum
740 1852 939 1881 Erumnarum
1025 1850 1221 1880 Erumnarum
1309 1848 1516 1877 AErumnarum
1591 1849 1799 1879 AErumnarum

454 1897 536 1926 nulla
551 1901 599 1927 est
739 1900 819 1931 nulla
830 1905 880 1931 est
1023 1900 1103 1930 nulla
1115 1905 1164 1931 est
1307 1897 1417 1928 nullast
1590 1898 1714 1929 nulla'st

452 1946 601 1986 dirempta
736 1950 883 1990 dirempta
1023 1950 1168 1990 dirempta
1306 1947 1453 1987 dirempta
1590 1950 1717 1979 diremta

451 1997 604 2027 exelicone
737 2009 774 2028 ex
789 1999 885 2029 licone
1022 2011 1058 2029 ex
1075 2000 1169 2030 licone
1306 2007 1343 2026 ex
1360 1997 1505 2027 Helicone
1593 2010 1632 2028 ex
1647 1997 1793 2028 Hellcmle

451 2046 551 2086 gentis
736 2048 837 2088 gentis
1022 2051 1122 2091 gentis
1306 2046 1423 2087 genteis
1588 2047 1705 2088 genteis

452 2094 601 2124 hominum
736 2097 817 2127 deest
1022 2100 1170 2130 hominum
1306 2097 1455 2126 hominum
1589 2098 1738 2128 hominum

451 2155 508 2184 que
735 2157 801 2186 quae
1021 2161 1086 2189 quae
1306 2158 1372 2186 quae
1589 2158 1658 2188 quae

453 2195 494 2225 Et
509 2195 536 2224 si
736 2196 780 2226 Et
793 2196 819 2225 si
1023 2200 1064 2230 lit
1078 2200 1102 2229 si
1308 2196 1350 2225 Et
1365 2197 1393 2226 si
1592 2198 1660 2228 Etsi

451 2249 586 2285 preterea
735 2251 880 2287 praeterea
1022 2254 1168 2289 praeterea
1307 2250 1452 2284 praeterea
1590 2252 1735 2288 praeterea

452 2295 563 2324 eternis
735 2297 856 2327 aeternis
1022 2300 1140 2330 aeternis
1305 2295 1423 2324 aeternis
1589 2298 1708 2328 aeternis

450 2345 541 2374 edens
734 2347 833 2377 aedens
1021 2350 1118 2379 :edens
1307 2348 1398 2377 edens
1589 2349 1680 2378 edens

451 2398 643 2435 permaneant
734 2399 907 2437 permanent
1021 2403 1193 2439 permanent
1309 2401 1481 2437 permanent
1588 2402 1761 2439 permanent

450 2446 576 2485 quedam
736 2446 861 2486 quedam
1021 2449 1154 2488 quaedam
1306 2447 1444 2486 quaedam
1589 2449 1721 2488 quaedam

450 2495 628 2527 simulachra
736 2495 916 2526 simulachra
1020 2498 1200 2528 simulachra
1306 2496 1466 2526 simulacra
1589 2497 1747 2528 simulacra

454 2551 590 2576 exortum
734 2550 869 2575 exortam
1020 2551 1152 2577 exortam
1307 2549 1441 2575 exortam
1589 2551 1724 2577 exortam

451 2596 564 2637 hymeti
738 2595 863 2626 Homeri
1023 2596 1147 2626 Homeri
1308 2596 1432 2626 Homeri
1592 2597 1716 2627 Homeri

451 2645 580 2685 speciem
734 2646 858 2686 spetiem
1020 2646 1147 2685 spetiem
1306 2646 1434 2686 speciem
1588 2647 1715 2688 speciem

450 2695 587 2725 lacrimas
733 2696 871 2725 lacrimas
1022 2695 1182 2727 lachrimas
1306 2696 1451 2736 lacrymas
1589 2697 1733 2727 lacrumas

451 2744 600 2774 effundere
733 2746 883 2775 effundere
1020 2745 1171 2776 effundere
1306 2748 1456 2777 effundere
1588 2749 1619 2776 et
1631 2745 1752 2776 sundere

452 2794 590 2833 Cepisset
734 2795 882 2836 Coepisset
1022 2796 1173 2836 Coepisset
1306 2797 1452 2837 Coepisset
1589 2796 1734 2836 Coepisse,
1748 2801 1779 2827 et

451 2843 577 2882 luneque
733 2845 868 2885 lunaeque
1021 2845 1156 2885 lunaeque
1306 2846 1439 2886 lunaeque
1589 2846 1721 2886 lunaeque

451 2903 577 2934 quaeque
733 2905 849 2935 queque
1021 2906 1135 2936 queque
1307 2905 1431 2936 quaeque
1591 2907 1712 2937 quaeque
