1967 3314
333 250 428 292 364

649 245 1106 299 VARIANTES
1144 250 1576 301 LECTIONES

367 629 408 659 V,
445 645 1578 661 ’ἡὴ-ζῇ-

359 769 418 795 203

359 819 418 844 204

360 868 417 894 205

358 1012 417 1040 206

358 1114 417 1142 207

357 1314 415 1339 208

355 1461 414 1492 209

354 1610 413 1636 210

353 1659 408 1685 211

353 1709 412 1735 212

351 1859 411 1885 213

351 1959 409 1984 214

350 2106 408 2131 215

351 2203 409 2230 216

349 2306 407 2335 217

350 2408 408 2434 218

348 2508 407 2536 219

348 2557 407 2583 220

347 2753 402 2779 221

345 2853 404 2879 222

344 2903 402 2929 2⁴24

480 459 683 480 FRRRANDUS.

522 584 651 614 Brixioe.

488 674 562 705 Sine
574 676 674 706 Anno.

468 765 536 796 Hac

465 815 545 845 calor

465 866 558 895 nubes

464 915 611 954 permulta

465 975 586 994 necesse
600 968 648 993 est

466 1014 557 1053 Ignes

463 1068 495 1093 et
507 1063 585 1092 enim

464 1111 635 1152 plerumque

462 1161 544 1191 color

463 1210 619 1250 splendidu

463 1261 534 1291 solis

462 1311 560 1351 Quipe

461 1364 492 1388 et
508 1361 587 1390 enim

461 1419 582 1439 necesse
596 1414 643 1441 est

461 1458 604 1498 Cocipere

460 1507 585 1537 rubeant

460 1556 603 1597 ignesque

459 1615 525 1640 cum

458 1664 569 1694 cogens

459 1713 523 1742 quae

457 1751 573 1793 fulgere

458 1802 571 1833 calores

457 1862 523 1882 cum

457 1903 521 1932 caeli

457 1964 522 1983 cum

454 2002 577 2032 diducat

457 2052 555 2082 euntis

456 2102 603 2142 ingratius

456 2163 577 2183 necesse
591 2158 638 2183 cst

456 2213 522 2241 quae

455 2256 533 2281 tetro

454 2301 536 2330 sonis

453 2351 550 2392 fulget

454 2405 590 2441 superest

454 2452 536 2482 deest

453 2503 515 2532 ictu

453 2552 554 2591 gravis

453 2601 583 2631 halantis

453 2653 602 2692 sulphuris

453 2702 532 2732 auris

453 2753 519 2781 hoec

452 2809 508 2828 non
524 2802 605 2831 venti

451 2847 531 2878 deest

452 2898 541 2930 Nunc

730 430 769 449 ΡΛ
775 429 853 449 ULUS
868 430 1005 451 flumm-

792 485 929 505 PERGER.

807 591 936 623 Veronae.

748 928 803 957 per
818 919 911 949 multa

750 973 902 998 necessest

749 1017 831 1047 deest
843 1028 948 1048 versus

749 1117 829 1147 deest
841 1128 947 1147 versus

746 1314 827 1345 deest
839 1326 945 1347 versus

746 1464 906 1505 Concipere

738 1513 866 1552 jubeant

745 1563 888 1602 ignesque

745 1623 814 1651 qum

743 1666 850 1702 tegens

742 1721 802 1750 que

743 1760 860 1800 fulg-ure

744 1809 856 1840 colores

743 1869 812 1898 qum

743 1908 805 1937 caeli

743 1968 781 1995 qu
785 1968 811 1986 ln

740 2006 862 2037 deducit

741 2056 839 2085 euntis

741 2103 887 2143 ingratius

741 2158 893 2184 necessest

739 2213 796 2241 que

739 2255 817 2282 tetro

739 2302 820 2331 sonis

738 2351 828 2391 fulgit

738 2413 828 2442 super
842 2408 890 2433 est

738 2452 819 2481 deest

738 2502 800 2532 ictu

737 2552 837 2592 gravis

737 2600 860 2631 hilantis

735 2652 857 2682 sulfuris

736 2702 816 2731 auris

735 2752 790 2780 hec

735 2802 854 2831 noventi

735 2850 816 2879 deest

737 2900 767 2929 H
772 2910 827 2933 unc

1029 431 1220 452 Tutononus
1236 433 1277 452 m:

1037 485 1272 506 RAGAzoanUS.

1085 591 1224 622 Venetiis.

1035 871 1127 899 nubes

1035 929 1087 958 per
1104 920 1197 948 multa

1035 973 1190 998 necessest

1035 1016 1116 1046 deest
1130 1027 1234 1048 versus

1034 1116 1115 1146 deest
1128 1127 1234 1147 versus

1032 1312 1116 1343 deest
1127 1325 1232 1344 versus

1032 1460 1192 1501 Concipere

1025 1510 1153 1549 jubeant

1030 1559 1174 1599 ignesque

1031 1618 1100 1646 qum

1032 1661 1137 1696 tegens

1030 1717 1096 1745 quae

1028 1756 1146 1797 fulgure

1030 1805 1142 1836 colores

1029 1866 1098 1894 qum

1028 1906 1092 1935 caeli

1029 1966 1097 1994 qum

1027 2004 1148 2034 deducit

1027 2054 1124 2083 euntis

1027 2102 1174 2142 ingratius

1027 2158 1179 2182 necessest

1027 2212 1093 2240 quae

1027 2255 1105 2281 tetro

1026 2301 1107 2330 sonis

1025 2350 1115 2390 fulgit

1025 2410 1114 2439 super
1127 2405 1174 2430 est

1024 2449 1104 2479 deest

1022 2499 1084 2529 ictu

1023 2549 1124 2589 gravis

1023 2597 1144 2628 hilantis

1022 2647 1086 2677 suls
1084 2659 1099 2678 u
1104 2648 1143 2678 ris

1023 2698 1102 2728 auris

1021 2749 1083 2778 haec

1021 2799 1140 2828 noventi

1021 2847 1101 2877 deest

1023 2898 1112 2928 Hunc

1376 467 1489 488 ALDus.

1370 590 1510 620 Veneriis.

1324 771 1392 800 ilac

1322 821 1401 850 color

1323 871 1415 900 nubes

1322 928 1374 956 por
1387 919 1479 948 inulta

1322 973 1474 998 necessest

1322 1016 1405 1056 Ignis

1322 1067 1374 1096 sed
1389 1067 1466 1097 enirn

1320 1116 1481 1157 plerunque

1320 1165 1400 1196 colos

1319 1216 1490 1256 splendidus

1319 1265 1386 1295 ollis

1319 1316 1436 1356 Quippe

1317 1372 1348 1395 et
1361 1367 1438 1395 enim

1318 1420 1470 1444 necessest

1318 1463 1480 1504 Concipere

1319 1514 1444 1543 rubeant

1317 1563 1459 1602 ignesque

1317 1623 1383 1642 cum

1317 1672 1426 1702 cogens

1317 1722 1382 1750 quae

1314 1760 1430 1801 fulgore

1316 1811 1428 1842 colores

1316 1871 1381 1890 cum

1314 1911 1380 1940 coeli

1314 1971 1379 1990 curn

1311 2011 1424 2041 diducit

1313 2062 1429 2091 cunteis

1312 2109 1458 2149 ingratius

1314 2163 1465 2190 necessest

1313 2218 1379 2246 quae

1313 2260 1391 2286 tetro

1311 2306 1410 2336 sonitu

1311 2355 1401 2395 fulgit

1311 2416 1399 2445 super
1413 2411 1460 2436 est

1311 2455 1388 2493 quod
1402 2455 1442 2485 sit

1309 2504 1387 2534 ictus

1309 2555 1410 2594 gravis

1309 2603 1455 2634 halanteis

1308 2652 1428 2683 sulfuris

1308 2702 1405 2732 aureis

1308 2751 1371 2781 haec

1308 2811 1364 2830 non
1378 2802 1457 2832 venti

1307 2860 1359 2889 per

1307 2899 1396 2930 Nunc

1616 413 1657 433 Ex
1673 413 1839 434 TYPOGRA·

1590 466 1665 487 vum
1682 466 1863 489 socner'ns

1629 520 1823 541 mrox'rlNAE.

1682 686 1765 714 1782.

1609 772 1637 800 H
1642 782 1677 800 ac

1605 821 1685 850 color

1606 870 1709 899 nubeis

1605 920 1751 959 permulta

1606 969 1769 999 necesse'st

1607 1019 1690 1058 Ignis

1604 1072 1652 1097 ete
1657 1068 1715 1098 nim

1604 1117 1775 1158 plerumque

1602 1167 1683 1197 colos

1603 1217 1773 1256 splendidus

1602 1266 1669 1296 ollis

1602 1318 1719 1358 Quippe

1601 1368 1710 1398 etenim

1601 1417 1765 1448 necesse’st

1602 1467 1763 1507 Concipere

1602 1516 1726 1546 rubeant

1601 1565 1757 1604 igneisque

1602 1625 1668 1644 cum

1602 1676 1710 1705 cogens

1599 1726 1665 1754 quoe

1601 1765 1715 1806 fulgere

1601 1816 1714 1846 colores

1601 1875 1666 1894 cum

1600 1914 1666 1943 coeli

1600 1974 1666 1993 cum

1599 2013 1713 2043 diducit

1598 2064 1712 2094 ennteis

1598 2111 1724 2151 ingratis

1599 2162 1762 2192 necesse’st

1597 2222 1666 2251 quae

1596 2265 1683 2290 taetro

1596 2310 1694 2339 sonitu

1596 2359 1686 2400 fulgit

1596 2412 1733 2448 superest

1596 2457 1675 2497 quali

1596 2507 1673 2537 ictus

1594 2556 1712 2597 graveis

1595 2606 1730 2636 halantes

1595 2655 1745 2695 sulphuris

1594 2715 1681 2735 auras

1594 2755 1656 2783 haec

1590 2813 1649 2832 non
1665 2803 1745 2833 venti

1591 2861 1644 2891 per

1595 2901 1623 2932 H
1629 2911 1684 2931 unc
