1967 3314
620 263 837 316 LIBRI
879 261 1131 313 PRIMI.
1531 273 1620 319 175

1367 424 1408 443 EX
1420 425 1460 443 ΤΥ
1465 426 1583 448 POGRA-

1134 479 1246 499 ALDUS·
1342 478 1420 498 PHIA
1437 480 1615 504 socoe'rATls

492 449 614 469 PAULUS
626 450 758 470 mumm—
785 449 975 469 TREODORUS
990 448 1031 467 DE

246 481 446 503 FERRANDUS.

562 504 696 526 PERGER.
787 503 1022 525 RAGAzomnus.

1384 534 1454 553 mro
1458 534 1578 556 mmm.

555 607 682 638 Veronoe.
843 609 980 638 Venetiis.
1127 605 1266 636 Vemtiis.
1411 604 1545 645 Biponti.

254 695 328 725 Sine
340 696 437 726 Anno.
589 697 671 724 1486.
871 702 953 729 1495.
1155 698 1239 724 1500.
1438 698 1520 727 1782.

228 785 323 824 liquor

509 786 653 825 liquorum
793 786 937 825 liquorum
1077 784 1172 823 liquor
1361 782 1457 822 liquor

228 845 369 873 aquarum
510 847 650 875 aquarum
794 846 936 875 aquarum
1077 845 1217 874 aquarum
1363 834 1453 872 aqua'l'

229 890 385 924 paupertas
510 890 669 925 paupertas
794 891 953 926 paupertas
1078 889 1238 925 paupertas
1362 883 1482 915 libertas

228 934 392 974 divicieque
511 935 682 975 divitiaeque
795 936 968 975 divitiaeque
1078 935 1249 975 divitiaeque
1362 934 1536 974 divitiaeque

230 984 368 1014 Libertas
514 985 651 1015 Libertas
798 985 935 1015 Libertas
1079 985 1200 1015 libertas
1366 984 1530 1024 Paupertas

227 1040 337 1064 caetera
512 1040 623 1065 caetera
796 1040 905 1065 caetera
1080 1038 1190 1064 caetera
1363 1040 1462 1065 cetera

228 1085 388 1124 habituque
514 1085 653 1125 abituque
795 1083 936 1123 abituque
1079 1084 1219 1124 abituque
1364 1085 1504 1125 abituque

231 1136 310 1165 Haec
516 1137 583 1165 Hec
800 1135 866 1163 Hec
1082 1134 1160 1163 Haec
1367 1135 1443 1164 Haee

229 1186 424 1225 Consequitur
514 1186 710 1225 Consequitur
779 1183 976 1221 Consequitur
983 1192 1051 1221 qum
1080 1184 1277 1223 Consequitur
1365 1186 1561 1226 Consequitur

228 1245 283 1264 evo
513 1245 579 1265 aevo
798 1242 862 1262 aevo
1081 1243 1147 1263 aevo
1366 1245 1431 1265 aevo

228 1294 285 1323 que
513 1295 580 1324 quae
798 1292 866 1321 quae
1081 1293 1150 1321 quae
1366 1296 1434 1324 quae

228 1345 393 1373 quenquam
513 1346 677 1375 quenquam
797 1342 962 1370 quenquam
1081 1344 1248 1372 quenquam
1366 1346 1540 1374 quemquam

227 1383 378 1413 fatendum
390 1390 437 1414 est
511 1385 692 1415 fatendumst
796 1381 977 1411 fatendumst
1081 1382 1234 1413 fatendust
1365 1385 1529 1416 fatendu'st

228 1433 412 1473 Trojugenas
512 1434 695 1475 ΤΙ-(πήξεως
797 1430 982 1471 Trovigenas
1082 1432 1267 1472 Trojugenas
1367 1435 1552 1476 Trojugenas

227 1483 326 1524 gentis
511 1486 609 1525 gentis
797 1480 895 1520 gentis
1080 1483 1197 1522 gentois
1366 1486 1481 1525 genteis

229 1539 261 1564 ut
513 1539 545 1564 ut
797 1535 830 1560 ut
1081 1537 1114 1562 ut
1366 1546 1431 1565 cum

227 1584 382 1614 videndum
399 1590 446 1615 est
511 1584 698 1615 videndumst
797 1580 983 1611 videndumst
1083 1582 1240 1613 videndust
1366 1586 1534 1616 videndu'st

229 1638 331 1663 contra
512 1640 614 1665 contra
796 1635 898 1660 contra
1082 1637 1188 1661 cuncta
1365 1646 1432 1665 esse

229 1684 308 1713 secia
479 1681 482 1685 ⁴
513 1685 592 1715 secla
796 1680 877 1710 secla
1082 1682 1161 1711 secla
1366 1686 1456 1716 saecla

232 1735 438 1766 Inrevocabffig
514 1737 722 1766 Inrevocabffis
800 1729 1010 1759 Inrevocabilis
1082 1730 1287 1761 inrevocabilis
1369 1735 1572 1767 Irrevocabilis

231 1783 359 1824 Namque
514 1786 644 1825 Nanque
799 1779 928 1819 Nanque
1084 1781 1213 1821 Nanque
1369 1785 1508 1825 Namque

229 1834 315 1863 terris
513 1837 600 1866 ten-js
798 1831 884 1860 terris
1082 1832 1170 1861 terris
1368 1836 1454 1865 rebus

228 1885 366 1915 materies
512 1886 650 1917 materies
797 1880 920 1909 materie
1083 1882 1222 1911 materies
1336 1894 1337 1897 ’
1368 1886 1505 1916 materies

228 1945 343 1974 queque
513 1947 639 1975 quaeque
798 1939 922 1968 quaeque
1083 1940 1210 1970 quaeque
1368 1946 1495 1975 quaeque

228 1984 345 2024 phrigio
513 1986 646 2026 Phrygio
800 1978 932 2018 Phrygio
1084 1980 1216 2021 Phrygio
1369 1985 1502 2025 Phrygio

227 2034 368 2063 durax-ens
512 2036 650 2066 durateus
795 2028 936 2058 durateus
1082 2030 1222 2061 durateus
1367 2034 1506 2064 durateus

228 2083 367 2124 Trojanis
511 2085 643 2125 trojanus
797 2078 928 2118 tl‘0janus
1083 2081 1221 2121 TTOjanis
1368 2084 1507 2124 Trojanis

228 2133 414 2164 Inflamasset
513 2134 698 2165 Inflamasset
798 2127 984 2159 Inflamasset
1083 2131 1299 2163 Inflammasset
1369 2135 1585 2165 Inflammasset

227 2184 323 2223 possis
511 2185 606 2224 possit
797 2178 893 2217 POSSit
1082 2181 1179 2220 possis
1368 2185 1463 2226 possis

227 2235 321 2264 omnig
511 2236 604 2265 omnig
796 2229 889 2258 omnis
1080 2231 1193 2261 omneis
1366 2235 1476 2265 omneis

227 2293 322 2322 neque
511 2295 605 2324 neque
797 2289 892 2318 neque
1082 2291 1177 2320 neque
1367 2296 1421 2314 nee

228 2334 309 2363 luere
511 2335 599 2364 duere
795 2329 867 2359 dure
1081 2330 1179 2360 cluere
1366 2335 1464 2366 cluere

228 2386 344 2412 constet
511 2390 628 2415 constat
797 2382 915 2408 00118ῐῖῑῖ
1080 2385 1197 2411 constat
1366 2389 1483 2415 constat

228 2432 387 2471 Corporum
513 2435 672 2474 Corporum
796 2428 955 2467 001·ΡοΓωῐι
1081 2431 1219 2470 (3οφοΐῑὸ
1368 2434 1504 2473 Corporis

228 2485 370 2521 geruntur
511 2488 653 2523 geruntur
796 2481 937 2517 geruntur
1080 2484 1222 2520 gerantur
1367 2488 1508 2524 gerantur

228 2542 297 2571 qllae
512 2543 569 2571 que
796 2537 853 2565 que
1081 2540 1147 2568 quae
1367 2544 1435 2573 quae

228 2593 286 2622 que
512 2592 570 2621 que
796 2587 853 2615 que
1082 2588 1150 2617 quae
1368 2593 1433 2621 quae

229 2632 349 2662 vineunt
512 2632 651 2662 evincunt
796 2626 935 2656 evincunt
1084 2628 1224 2657 evincunt
1368 2633 1489 2662 vincunt

227 2693 347 2722 corpore
513 2691 633 2720 corpora
797 2688 918 2717 corpora
1083 2686 1202 2715 corpore
1368 2693 1488 2722 corpore

227 2733 342 2763 demum
512 2731 628 2759 domum
797 2727 914 2756 domum
1083 2726 1199 2754 demum
1367 2732 1483 2761 demum

229 2783 271 2812 Et
280 2782 305 2812 si
515 2781 556 2810 Et
568 2780 595 2809 si
799 2777 843 2806 Et
855 2777 881 2806 si
1083 2780 1113 2804 et
1126 2775 1153 2804 si
1370 2781 1437 2811 Etsi

225 2831 349 2862 forsitan
512 2829 637 2860 forsitan
798 2826 923 2855 forsitan
1083 2825 1143 2854 fors
1156 2825 1200 2854 ita
1368 2821 1486 2850 credere

219 2883 383 2922 ,quicquam
512 2880 666 2920 quicquam
800 2876 956 2916 quicquam
1083 2874 1240 2914 quicquam
1367 2870 1525 2911 quidquam

227 2932 294 2962 cae1i
513 2929 576 2960 caeli
800 2926 866 2958 caeli
1082 2923 1147 2954 coeli
1369 2921 1434 2952 coeli
