1967 3314
293 447 494 469 FERRANDUS.

323 571 451 602 Brixiae.

299 659 373 689 Sine
386 660 484 691 Anno.

272 760 337 779 cum

273 810 393 830 necesse
406 805 454 832 est

273 860 341 889 quae

272 901 458 940 perhibemus

273 950 398 989 quedam

271 1001 439 1040 majoraque

271 1050 429 1090 triquatria

271 1099 337 1130 aliis

270 1161 391 1182 necesse
403 1156 450 1183 est

270 1201 395 1240 quedam

270 1251 303 1279 N
304 1261 401 1291 anque

269 1299 349 1329 deest

268 1354 302 1380 ut

267 1399 326 1428 viae

268 1453 421 1480 attextum

268 1499 406 1531 cohercet

271 1548 339 1578 Hoc

269 1608 360 1628 suave
373 1603 421 1630 est

271 1647 320 1677 Illi

269 1697 317 1727 cui

268 1758 359 1777 suave
373 1751 421 1777 est

267 1796 417 1826 levissima

268 1857 388 1887 corpore

265 1895 524 1928 Contractabiliter

266 1947 377 1976 intrare

266 2003 408 2028 renuatus

266 2049 386 2086 Aspera

267 2097 402 2127 nimirum

266 2145 367 2175 fauces

266 2201 314 2226 est
327 2207 364 2226 ex
378 2197 425 2232 his

267 2257 389 2286 quaeque

268 2295 316 2324 cui

268 2345 391 2375 cohorta
408 2350 456 2376 est

268 2392 383 2432 aliquas

262 2443 327 2483 jam
338 2448 434 2474 totum

269 2493 471 2525 Commutetur

268 2541 350 2572 deest

268 2753 344 2782 quen
348 2747 381 2772 nt

268 2792 445 2832 progignere

267 2841 426 2872 commixta

265 2892 329 2931 jam

274 2953 355 2985 ΥΟΕ.
375 2953 424 2983 IV
431 2977 437 2983 .

647 233 865 285 LIBRI
907 230 1224 289 QUARTI.

542 415 808 445 Faunus-EMDEN-

611 470 746 503 PERGER.

603 572 732 602 Veronoe.

636 661 720 689 1486.

556 760 625 789 qum

556 805 708 836 necessest

555 859 612 888 que

556 898 710 938 phibemus

556 949 681 988 quedam

556 1000 691 1038 maioque

556 1049 712 1088 triquatria

556 1097 622 1127 aliis

556 1152 708 1179 necessest

554 1198 680 1237 quedam

555 1247 694 1288 Namque

553 1297 634 1327 deest

552 1351 586 1376 ut

551 1397 606 1432 viae

552 1450 705 1477 attextum

552 1496 692 1527 cohercet

554 1546 623 1575 Hoc

552 1606 643 1626 suave
655 1600 704 1626 est

555 1645 604 1674 Illi

554 1694 601 1724 cui

553 1755 644 1775 suave
657 1747 707 1774 est

553 1793 703 1824 levissima

553 1854 674 1884 corpore

550 1894 807 1924 contractabiliter

550 1946 661 1975 nitrare

551 2006 583 2026 re
596 2000 684 2033 natus

552 2046 652 2085 Asper

551 2095 712 2124 animorum

551 2144 652 2174 fauces

551 2198 599 2225 est
614 2205 651 2224 ex
665 2195 712 2225 his

551 2254 665 2284 queque

551 2294 598 2324 cui

550 2348 652 2374 coorta
664 2348 711 2373 est

551 2393 650 2432 aliqua

545 2443 609 2481 jam
623 2447 717 2473 totum

552 2493 774 2523 Commutentur

554 2743 666 2778 queunt

547 2778 727 2828 *propignere

554 2839 715 2871 commixta

555 2890 636 2921 deest

839 414 1028 434 THEODORUS
1044 414 1085 434 DE

840 469 1074 490 RAGAZONIBUS.

893 573 1032 603 Venetiis.

842 761 911 790 qum

841 806 994 833 necessest

841 861 898 890 que

841 901 996 940 phibemus

841 951 978 989 quaedam

840 1000 975 1040 maioque

841 1050 998 1090 triquatria

840 1099 920 1129 deest

840 1154 992 1180 necessest

840 1199 973 1238 quaedam

842 1248 980 1288 Namque

840 1299 920 1328 deest

839 1352 874 1377 ut

839 1396 895 1426 viae

839 1451 993 1478 attextum

839 1499 976 1529 cohercet

843 1548 911 1577 Hoc

840 1608 931 1628 suave
946 1601 994 1627 est

842 1647 891 1676 Illi

841 1695 888 1725 cui

840 1756 930 1775 suave
943 1751 992 1776 est

839 1796 989 1826 levissima

839 1858 960 1887 corpore

836 1898 1093 1929 Contractabiliter

839 1947 948 1977 nitrare

838 2007 868 2026 re
883 2003 970 2028 natus

838 2048 937 2086 Asper

836 2096 998 2139 animorum

836 2146 937 2176 fauces

836 2201 883 2226 est
896 2208 934 2227 ex
948 2197 995 2226 his

837 2257 964 2287 quaeque

837 2298 884 2327 cui

838 2352 943 2378 coorta
955 2352 1003 2390 est

838 2396 937 2436 aliqua

832 2446 895 2484 jam
910 2450 1005 2485 totum

838 2494 1061 2524 Commutentur

837 2543 918 2575 deest

837 2604 894 2633 que

837 2647 948 2675 caetera

837 2693 914 2728 Quae

839 2747 964 2782 quaeunt

838 2792 1012 2832 propignere

839 2841 997 2872 commixta

840 2891 920 2921 deest

909 2951 981 2981 Oo

1188 445 1301 466 Annus.

1180 571 1320 602 Vcnetiis.

1209 663 1293 690 1500.

1128 758 1193 778 cum

1128 804 1280 837 necessest

1126 858 1192 887 quae

1126 899 1313 940 perhibemus

1125 950 1259 988 quaedam

1125 1000 1296 1040 majoraque

1124 1048 1270 1088 triquetra

1125 1098 1193 1128 aliis

1125 1152 1277 1178 necessest

1126 1198 1259 1237 quaedam

1126 1258 1242 1287 nanque

1125 1301 1160 1326 ut

1125 1345 1208 1375 deest

1126 1395 1190 1425 vias

1125 1456 1160 1474 ac
1173 1449 1294 1475 textura

1124 1499 1241 1525 coercet

1127 1545 1195 1574 Hoc

1124 1597 1246 1629 suavest

1127 1642 1176 1671 Illi

1124 1692 1171 1721 cui

1124 1747 1247 1772 suavest

1124 1792 1274 1835 levissima

1124 1853 1245 1882 corpore

1123 1893 1376 1923 contractabiliter

1124 1942 1234 1972 intrare

1124 2003 1171 2021 res
1186 1992 1266 2022 intus

1123 2043 1241 2081 Aspera

1123 2092 1260 2123 nimirum

1121 2142 1222 2172 fauces

1122 2197 1170 2222 est
1184 2203 1222 2222 ex
1235 2191 1283 2222 his

1124 2252 1251 2282 quaeque

1124 2292 1171 2322 cui

1123 2345 1254 2373 coortast

1123 2390 1222 2428 aliqua

1118 2439 1182 2478 jam
1196 2443 1291 2475 totum

1124 2488 1348 2519 Commutantur

1124 2789 1300 2830 propingere

1124 2839 1283 2870 commixta

1122 2900 1186 2930 jam

1587 245 1683 288 289

1425 394 1465 413 Ex
1477 395 1641 418 TYPOGRA.

1401 447 1476 467 PHIA
1493 449 1671 472 socm'rA'rls

1439 502 1633 524 BIPONTlNAE.

1467 571 1600 612 Biponti.

1491 663 1504 688 l
1509 663 1574 693 782.

1415 757 1480 776 cum
1575 780 1579 783 .

1415 798 1578 828 necesse'st

1413 856 1478 885 quae

1413 896 1601 935 perhibemus

1412 946 1550 983 quaedam

1412 996 1582 1036 majoraque

1412 1043 1558 1083 triquetra

1412 1092 1479 1123 aliis

1412 1144 1576 1175 necesse'st

1412 1192 1545 1231 quaedam

1413 1240 1552 1281 Namque

1412 1294 1446 1319 ut

1411 1338 1492 1370 deest

1412 1390 1467 1420 viae

1411 1451 1446 1470 ac
1461 1444 1582 1472 textura

1410 1495 1527 1521 coercet

1412 1540 1496 1581 Ergo

1411 1591 1545 1623 suave'st

1412 1641 1477 1670 lllis

1410 1691 1495 1729 queis

1409 1740 1544 1771 suave'st

1409 1789 1570 1821 laevissima

1408 1851 1531 1881 corpora

1409 1891 1668 1922 Contrectabiliter

1408 1941 1518 1972 intrare

1408 2001 1455 2020 res
1470 1990 1551 2020 intus

1408 2041 1527 2080 Aspera

1408 2090 1547 2127 nimirum

1407 2139 1519 2169 fauceis

1407 2199 1444 2218 ex
1457 2189 1505 2218 his
1518 2193 1568 2220 est

1408 2248 1532 2278 quaeque

1408 2288 1477 2328 quoi

1408 2337 1555 2368 coorta'st

1408 2386 1550 2426 aliqua'st

1408 2442 1504 2468 totum
1511 2437 1576 2477 jam

1409 2488 1634 2519 Commutautur

1409 2542 1443 2567 ut

1407 2597 1474 2627 quae

1409 2642 1509 2667 cetera

1408 2689 1486 2723 Quae

1408 2741 1520 2778 queunt

1408 2787 1584 2828 progignere

1406 2837 1561 2868 commista

1403 2888 1467 2928 jam
