1967 3314
59 1031 63 1037 ,
92 1009 148 1038 608

92 1109 149 1141 609

91 1208 149 1238 610

89 1357 144 1385 611

89 1406 147 1435 612

89 1506 146 1534 614

84 2003 143 2032 620

83 2154 140 2184 622

81 2303 140 2332 624

83 2354 140 2382 626

83 2453 141 2481 628

83 2603 141 2634 629

82 2653 138 2681 631

81 2752 141 2781 632

83 2802 141 2830 633

82 2899 140 2928 634

81 2949 139 2979 636

217 501 420 523 FERRANDUS.

249 625 378 656 Brixiae.

194 689 456 707 0———·
460 688 1308 699 ,———-——-——-—-———-·———-

560 716 644 744 1486.

220 717 294 747 Sine
306 719 404 748 Anno.

198 806 322 845 quodvis

198 855 360 884 incolumen

198 915 318 944 corpore

197 959 261 984 toto

197 1004 337 1033 accedere

197 1054 299 1083 fauces

197 1105 311 1133 incerta

198 1154 326 1184 locatum

191 1204 226 1234 ⁷in
239 1204 317 1245 parti

195 1264 331 1294 qnenque

195 1315 251 1333 sua
263 1304 322 1333 scit

195 1352 369 1382 immortalis

195 1409 256 1432 tam

194 1456 422 1492 conquereretur

195 1504 274 1534 deest

194 1703 223 1732 in
237 1704 334 1744 capite

192 1755 258 1785 unis

192 1806 325 1836 omnibus

192 1857 278 1886 heret

192 1905 258 1935 loca

191 1956 348 1995 quicquam

191 2015 244 2044 per

191 2054 302 2084 existat

190 2109 380 2144 preposterus

189 2152 269 2182 dean

191 2201 376 2232 Fluminibus

188 2251 278 2281 solita

189 2301 295 2330 animai
308 2305 356 2331 est

189 2349 327 2389 Quinque

188 2398 354 2429 faciendum
365 2404 414 2430 est

191 2448 352 2478 Possumus

190 2498 319 2529 infernas

190 2559 296 2579 vocare

190 2598 282 2628 saecla

189 2658 322 2678 seorsum

190 2698 256 2738 ipsa

189 2759 285 2788 neque

189 2799 333 2828 Auditum

188 2859 283 2889 neque

187 2898 217 2927 in
230 2908 297 2928 esse

185 2948 361 2988 presciderit

190 3010 272 3040 Vor.
291 3010 355 3041 IV.

568 289 783 338 LIBRI
833 289 1123 338 TERTII.

532 525 669 547 1¹1:anss-

539 630 666 659 Veronae.

479 804 557 843 quod
572 804 617 833 vis

483 853 512 883 iu
525 854 659 884 mlumen

479 915 601 944 corpore

475 960 544 985 toto

481 1005 620 1034 accedere

479 1054 580 1085 fauces

479 1106 509 1135 in
523 1111 604 1136 certa

479 1156 606 1185 locatum

478 1206 595 1244 imperti

479 1265 613 1295 quenque

478 1315 533 1334 sua
545 1304 586 1334 sit

478 1354 611 1384 mortalis

477 1409 539 1434 tam

476 1458 672 1492 conqueretur

478 1503 559 1534 deest

476 1703 623 1744 incapitur

475 1753 542 1782 imis

475 1803 608 1834 omnibus

476 1853 560 1882 heret

475 1901 541 1931 Iaca

474 1951 613 1992 quiquam

473 2012 526 2042 per

473 2052 584 2082 existat

472 2106 663 2142 preposterus

472 2152 553 2181 deest

471 2202 657 2232 Fulminibus

471 2252 561 2282 solita

472 2302 610 2331 animaist

467 2351 609 2391 Quinque

468 2401 640 2431 faciundum
653 2405 698 2431 est

474 2451 628 2481 Possimus

473 2501 602 2531 infernas

473 2560 579 2580 vocare

473 2599 554 2629 secla

473 2659 587 2679 sorsum

473 2700 540 2740 ipsa

473 2760 570 2789 neque

473 2798 615 2828 Auditum

473 2859 566 2887 neque

473 2898 570 2929 inesse

472 2946 646 2987 presciderit

468 471 589 492 PAULUS
602 436 748 493 URBES-l
758 473 955 494 Tnzononus
970 475 1011 494 DE

768 527 1003 548 RAGAzoxnws.

816 629 954 660 Venetiis.

845 723 927 751 1495.

765 808 843 847 quod
856 808 902 838 vis

764 857 794 886 in
808 857 943 887 columen

765 917 886 947 corpore

764 960 828 986 toto

764 1006 905 1036 accedere

762 1056 864 1086 fauces

763 1105 793 1134 111
808 1110 891 1135 certa

762 1154 891 1184 locatum

762 1204 879 1244 imperti

762 1265 897 1294 quenque

763 1304 860 1333 suasit

762 1353 894 1383 mortalis

760 1410 822 1432 tam

760 1456 955 1492 conqueretur

760 1502 841 1532 deest

759 1701 887 1742 icapitur

759 1751 825 1780 imis

759 1800 892 1830 omnibus

760 1849 844 1878 heret

759 1898 825 1927 loca

758 1948 897 1987 quiquam

757 2009 811 2039 per

757 2048 868 2077 existat

756 2102 945 2138 prepostems

757 2147 838 2177 deest

758 2198 941 2228 Fulminibus

756 2246 845 2276 solita

755 2296 895 2327 animaist

756 2346 883 2380 Quando

755 2398 924 2428 faciundum
938 2404 986 2428 est

757 2448 910 2478 Pessimus

756 2496 866 2526 ifex-nas

757 2557 863 2576 vocare

755 2597 837 2627 secla

755 2657 887 2677 seorsum

756 2697 822 2737 ipsa

755 2758 850 2787 neque

756 2797 900 2826 Auditum

755 2857 850 2886 neque

755 2896 852 2925 inesse

755 2944 929 2984 presciderit

768 3007 783 3036 I
800 3007 810 3036 i

1351 452 1389 471 Ex
1400 453 1563 475 TYromm-

1117 504 1230 525 ALnus.
1322 505 1397 525 rfflA
1413 506 1593 531 somma-ns

1360 559 1556 581 mroxrxxm..

1096 628 1130 656 V
1128 625 1240 657 enetiis.
1388 627 1522 668 Biponti.

1128 720 1214 746 1500.
1417 721 1501 750 1782.

1048 807 1126 845 quod
1140 806 1186 837 vis
1335 800 1458 838 quodvis

1047 855 1221 885 incolumem
1332 850 1504 882 incolumem

1046 916 1150 945 corpor
1331 911 1453 940 corpore

1047 955 1117 985 doto
1329 954 1395 979 toto

1047 1005 1186 1035 accedere
1330 1002 1487 1032 succedere

1047 1054 1146 1085 fauces
1330 1050 1442 1083 fauceis

1047 1104 1076 1133 in
1090 1109 1173 1134 certa
1330 1100 1360 1129 in
1374 1106 1457 1139 cei-tp,

1046 1153 1173 1183 locatum
1329 1149 1456 1180 locatam

1046 1203 1075 1233 in
1089 1204 1168 1244 parti
1328 1199 1359 1228 iu
1372 1200 1451 1239 parti

1045 1264 1180 1293 quenque
1328 1260 1473 1289 quemque

1045 1314 1099 1332 sua
1111 1304 1167 1333 scit
1328 1309 1384 1328 sua
1396 1299 1455 1329 scit

1045 1352 1218 1381 immortalis
1327 1348 1500 1378 immortalis

1044 1405 1105 1431 tam
1321 1397 1385 1437 jam

1043 1457 1271 1490 conquereretur
1326 1452 1556 1487 conquereretur

1043 1501 1196 1531 Gauderet
1215 1513 1289 1541 prae-
1328 1497 1479 1527 Gauderet
1492 1507 1570 1537 prae-

1074 1551 1163 1591 longa
1195 1562 1286 1581 senex
1357 1546 1447 1587 longa
1479 1557 1570 1576 senex

1072 1605 1128 1631 aut
1151 1612 1261 1631 cornua
1358 1601 1410 1625 aut
1434 1606 1545 1626 cornua

1076 1661 1180 1680 cernis

1045 1700 1074 1729 in
1088 1701 1186 1740 capite

1026 1763 1029 1764 ⁷
1042 1751 1108 1780 lmis

1042 1800 1175 1830 omnibus

1043 1850 1136 1880 haeret

1042 1899 1107 1929 loca

1041 1950 1198 1989 quicquam

1041 2000 1078 2028 de

1040 2050 1151 2079 existat

1040 2104 1238 2139 praeposterus

1041 2148 1122 2178 deest

1041 2199 1224 2230 Fluminibus

1040 2249 1160 2279 solitast

1039 2299 1149 2329 animai

1039 2349 1156 2387 quando

1038 2397 1238 2428 faciundumst

1041 2447 1203 2477 Possumus

1038 2497 1168 2527 infernas

1039 2558 1145 2577 vacare

1038 2597 1119 2627 secla

1036 2656 1169 2676 seorsum

1033 2695 1084 2735 ips

1037 2756 1133 2785 neque

1038 2795 1170 2825 auditum

1038 2855 1134 2883 neque

1037 2894 1135 2923 inesse

1038 2942 1223 2983 praesoiderit

1361 1656 1466 1675 cervus

1326 1696 1355 1725 in
1368 1696 1466 1736 capite

1326 1745 1392 1774 uuis

1327 1795 1420 1824 omnis

1327 1845 1454 1874 inhaeret

1326 1895 1390 1925 loca

1326 1946 1469 1985 quidquid

1326 2006 1379 2035 pro

1325 2044 1453 2074 exsistat

1321 2099 1522 2134 pra—posterus

1325 2146 1354 2175 111

1327 2196 1510 2226 Fluminibus

1324 2245 1391 2275 solit
1396 2244 1456 2274 a'st

1285 2317 1291 2322 .
1324 2293 1474 2323 animai'st

1324 2343 1461 2382 Quinque

1323 2392 1534 2423 facirmdum'st

1327 2443 1488 2472 Possumus

1323 2492 1452 2522 infernas

1324 2554 1434 2583 vagare

1322 2593 1411 2623 saecla

1322 2652 1454 2672 scorsum

1323 2692 1389 2732 ipsa

1322 2752 1377 2771 nec

1323 2792 1447 2830 Absque
1460 2791 1559 2820 anima

1322 2853 1380 2872 nec

1320 2893 1418 2924 inesse

1323 2942 1488 2982 praeciderit
