1967 3314
300 256 396 303 264
620 252 1077 303 VARIANTES
1115 250 1556 308 LECT'IONES

1582 422 1622 441 Ex
1633 422 1798 444 'rn‘oonA-

1344 475 1457 496 Almus.
1554 475 1630 495 PHIA
1647 475 1811 498 sucum-xm

1595 529 1625 549 ΒΧ
1630 529 1665 549 ΡΟ
1670 529 1722 550 >⁰1³1
1727 530 1790 551 ΝΕ.

699 437 822 458 PAULUS
837 436 974 457 FMDEN-
997 427 1189 460 THEononus
1205 439 1246 459 DE

446 468 650 490 FBRRANDUS·

762 492 898 513 PERGER.
1007 493 1242 514 RAGAZONIBUS.

489 595 619 624 Brixioe·
776 598 905 630 Verona».
1053 599 1192 629 Veneziie.
1338 598 1478 630 Venetii-v.

1622 601 1755 643 Biponti.

456 686 530 716 Sine
543 686 642 716 Anno.
798 694 810 718 l
816 692 879 721 486.
1084 697 1165 725 1495.
1365 693 1449 720 1500-
1647 695 1732 725 1782.

419 747 1830 761 -—-—-——-——-————-———————

435 777 550 808 aedibus
721 778 824 807 edibus
1289 781 1400 811 aedibus
1573 779 1684 809 aedjbus

436 831 584 867 pertesum
598 829 646 855 est
721 832 870 865 pertesum
883 831 930 857 est
1291 836 1468 870 pertesumst
1574 830 1776 867 pertaesum'st

419 891 426 900 ·
435 876 518 906 deest
720 875 801 905 dee-st
1291 879 1414 909 revertit
1573 877 1698 908 revertit

436 926 508 955 foris
721 925 794 955 faris
1290 930 1362 959 soris
1573 926 1644 957 soris

436 985 558 1005 mannos
722 976 752 1005 iu
769 986 861 1005 annos
1291 989 1413 1008 mannos
1575 987 1696 1007 mannos

437 1023 518 1054 deest
722 1025 803 1055 deest
1291 1028 1371 1057 deest
1575 1027 1593 1055 h
1598 1026 1624 1056 ic

436 1074 647 1115 precipitanter
721 1075 934 1115 precipitanter
1292 1078 1510 1118 1›raecipitanter
1573 1077 1793 1118 praecipitanter

436 1135 473 1154 ex
487 1123 597 1165 templo
721 1125 856 1165 exemp'uo
1293 1127 1443 1168 extemplo
1574 1127 1724 1168 extemplo

436 1175 538 1205 limina
722 1175 834 1205 lumina
1293 1176 1394 1207 limina
1574 1174 1676 1206 limina

436 1225 544 1255 oblivia
721 1224 819 1254 obliva
1292 1227 1400 1257 oblivia
1575 1225 1684 1256 oblivia

436 1275 533 1315 quen‘t
722 1275 833 1314 quaerit
1291 1278 1401 1316 quaerit
1574 1277 1682 1314 quaerit

436 1325 512 1365 petit
776 1325 782 1331 ⁸
1291 1327 1367 1367 petit
1573 1325 1650 1364 petit

1291 1382 1323 1407 at
1574 1379 1607 1403 at

1292 1427 1403 1456 invitus
1574 1423 1699 1464 ing-ratis

1290 1477 1421 1506 adhaeret
1573 1474 1665 1505 haeret

1289 1527 1352 1556 odit
1572 1525 1657 1564 augit

1293 1576 1456 1616 Propterea
1577 1572 1738 1613 Propterea

1290 1627 1365 1655 bone
1573 1623 1647 1652 bene

1290 1675 1414 1715 primum
1575 1673 1700 1712 primum

1005 781 1109 810 edibus

1007 834 1155 869 pertesum
1168 835 1216 860 est

1007 878 1087 908 decet

1006 927 1080 958 saris

1007 977 1037 1006 in
1054 987 1147 1007 annos

1007 1026 1089 1056 deest

1008 1078 1219 1117 precipitanter

1007 1129 1142 1168 exemplo

1008 1178 1036 1207 lu
1041 1178 1118 1208 mina

1008 1228 1054 1258 obl
1059 1228 1106 1258 iva

1008 1279 1113 1318 qumrit

1010 1329 1085 1369 petit

1009 1379 1047 1408 ad

1007 1428 1098 1458 initus

1010 1478 1094 1506 heret

1010 1527 1073 1556 adit

1010 1575 1162 1605 Proeterea

1007 1624 1081 1653 bene

436 1374 475 1404 ad

436 1422 584 1464 ingratius

436 1474 521 1502 heret

435 1522 499 1552 odit

436 1571 588 1601 Praeterea

435 1620 508 1649 bene

434 1669 558 1708 primum

722 1425 865 1465 ingintius

722 1475 806 1505 heret

720 1525 784 1554 adit

723 1574 872 1603 Praeterea

721 1624 795 1652 boue

720 1673 806 1713 primi
1007 1673 1093 1713 primi

434 1718 551 1749 AEterni
577 1723 677 1760 tempo
720 1722 837 1752 AEtemi
863 1726 976 1761 tempo·
1008 1723 1125 1752 AEterni
1150 1727 1262 1763 tempo·
1290 1726 1446 1766 Temporis
1459 1731 1543 1757 aeter.
1574 1723 1730 1763 Temporis
1743 1728 1830 1754 aeter-

471 1779 512 1799 ris
759 1782 800 1801 ris
1045 1784 1086 1803 ris
1328 1786 1357 1804 m
1611 1783 1641 1802 m

434 1828 491 1848 uon
720 1822 801 1853 deest
1005 1823 1085 1853 deest
1288 1826 1369 1856 velut
1574 1833 1630 1852 non

434 1868 475 1898 sit
720 1873 754 1903 fit
1007 1873 1043 1902 fit
1289 1875 1328 1905 sit
1573 1873 1614 1903 sit

434 1917 522 1948 AEtas
719 1925 816 1953 Aetas
1007 1921 1094 1952 AEtas
1290 1925 1377 1970 11:31218
1573 1924 1660 1954 AEtas

431 1978 489 2006 que
719 1984 777 2013 que
1006 1984 1064 2013 que
1288 1986 1353 2014 quae
1572 1984 1641 2013 quae

431 2021 526 2048 restat
718 2027 800 2052 resta
1006 2027 1085 2053 testa
1289 2029 1383 2054 restat
1572 2029 1666 2054 restat

429 2067 575 2097 manendo
719 2072 863 2102 manendo
1005 2072 1150 2102 manendo
1288 2075 1431 2104 manendo
1577 2074 1720 2104 manenda

431 2121 586 2157 tantopere
719 2126 803 2151 tauto
815 2132 902 2161 opere
1005 2126 1090 2151 tanto
1102 2132 1190 2161 opere
1288 2128 1442 2164 tantopere
1574 2127 1729 2162 tantopere

431 2167 461 2196 in
475 2167 572 2197 dubiis
718 2168 846 2201 indubiis
1005 2171 1132 2201 indubiis
1287 2172 1316 2201 in
1329 2173 1425 2202 dubiis
1568 2173 1600 2202 in
1615 2173 1712 2203 dubiis

431 2216 506 2250 Quae

431 2267 519 2296 Certe
551 2273 556 2276 '

430 2316 565 2356 equidem

432 2366 533 2396 loetum

429 2415 501 2455 quin

429 2465 562 2495 insumus

430 2515 555 2545 vivendo

430 2566 516 2596 abest
522 2584 526 2587 ι

430 2614 572 2646 habemus

430 2673 595 2704 exuperare

431 2714 547 2744 Caetera

431 2774 496 2792 cum

430 2823 550 2844 aveums

429 2863 496 2893 sitis

430 2914 540 2946 hiantis

717 2321 834 2360 quidem

716 2371 825 2401 lectum

717 2420 834 2459 quaudo

716 2471 745 2500 in
760 2480 861 2500 sumus

717 2520 842 2550 videndo

720 2570 807 2599 obest

716 2619 858 2649 habemus

715 2678 878 2708 exuperare

717 2717 836 2747 Caetera

716 2779 785 2807 qum

715 2819 890 2849 haberemus

715 2868 792 2899 satis

716 2918 827 2950 hiantis

1003 2320 1121 2359 quidem
1286 2320 1402 2359 quidem
1570 2324 1688 2363 quidem

1004 2369 1112 2398 lectum
1288 2370 1378 2399 letum
1573 2375 1686 2404 lethum

1003 2418 1121 2458 quando
1287 2420 1357 2459 quin
1571 2425 1643 2463 quin

1003 2479 1033 2498 m
1047 2479 1149 2499 sumus
1286 2480 1418 2500 insumus
1571 2484 1703 2504 msumus

1003 2518 1131 2548 videndo
1289 2520 1414 2550 vivendo
1571 2525 1697 2555 vivendo

1002 2568 1088 2598 obest
1289 2571 1375 2600 abest
1571 2574 1657 2603 abest

1002 2619 1144 2649 habemus
1287 2631 1407 2650 avemus
1570 2633 1690 2654 avemus

1002 2680 1165 2710 exuperare
1289 2680 1451 2710 exuperare
1570 2682 1748 2713 exsuperare
1783 2671 1786 2673 ’

1004 2720 1123 2750 Caetera
1288 2725 1396 2750 caetera
1573 2722 1681 2751 Cetera

1002 2781 1071 2809 qum
1288 2781 1354 2800 cum
1570 2781 1635 2801 cum

1004 2821 1179 2851 haberemus
1287 2830 1406 2850 avemus
1571 2831 1690 2852 avemus

1002 2870 1078 2900 satis
1287 2869 1354 2899 sitis
1571 2871 1638 2900 sitis

1004 2919 1116 2951 hiantis
1290 2919 1418 2951 hianteis
1572 2921 1700 2952 hianteis
