1967 3314
609 219 826 269 LIBRI
872 219 1172 285 QUlgNTI.
1552 234 1645 275 323

500 402 621 422 munus
637 402 772 423 mszN-
795 401 988 420 Tfflzonosz
1002 401 1043 423 m:
1387 381 1429 401 Ex
1440 384 1604 407 Tvpomm-

251 435 454 457 FERRANDUS.
1145 434 1259 455 ALDUS.
1356 436 1434 456 mim
1450 438 1633 462 secun-xus

565 457 702 477 PERGER.
801 455 1037 475 RAGAZONIBUS.

1395 490 1590 514 BIPONTINAE.

217 529 1631 543 &Um—§.Q-

284 557 416 588 Brixiae.
562 559 694 591 Verona»,
846 556 985 586 Venetiis.
1137 559 1276 590 Veneriis.
1417 560 1554 601 Biponti.

255 646 329 676 Sine
341 648 371 676 A
375 658 441 677 nno.
880 647 963 675 1495-
1162 651 1246 678 1500-
1450 653 1463 679 1
1469 654 1532 683 782.

127 743 184 768 405
233 747 318 767 suum
331 748 384 778 per
397 738 455 768 iter
516 738 621 768 summi
635 749 688 778 par
705 740 763 769 iter
800 735 907 765 summi
920 737 1031 776 pan'ter
1087 743 1173 764 31111111
1188 746 1242 776 per
1254 737 1312 767 iter
1371 745 1456 766 suum
1471 749 1523 778 per
1537 739 1595 770 iter

128 790 186 818 406
233 792 320 826 poetae
515 789 612 827 pozitae
800 786 899 823 poie‘tae
1085 785 1181 822 poe'tae
1370 787 1472 824 poetae·

128 841 186 870 407
234 847 304 867 vera
317 842 365 868 est
379 838 468 868 animi
516 837 594 867 veris
608 838 713 869 animis
724 844 772 869 est
800 835 878 864 veris
891 837 997 867 animis
1010 843 1055 868 est
1086 840 1186 865 verast
1201 836 1291 866 animi
1372 835 1484 866 ‘'era'st
1499 838 1589 869 animi

126 891 184 919 409
233 887 356 917 cohorta
516 891 599 916 corta
799 890 901 915 coarta
1085 891 1186 916 coorta
1370 889 1472 915 coorta

126 940 185 966 410
233 936 364 966 revincte
516 936 659 975 rejunetae
800 934 944 973 rejunctae
1085 936 1224 967 revinctae
1370 935 1490 966 revictae

128 989 183 1015 411
233 990 338 1015 exuste
516 990 630 1015 exustae
799 989 914 1014 exustae
1084 993 1199 1018 exustae
1370 990 1484 1015 exustae

233 1035 312 1064 arvis
515 1035 596 1064 auris
799 1033 879 1063 auris
1084 1036 1163 1066 auris
1369 1033 1449 1063 auris

126 1091 184 1117 412
232 1085 378 1124 quondam
515 1095 642 1123 quonam
798 1093 924 1121 quonam
1083 1086 1230 1123 quondam
1368 1084 1515 1122 quondam

231 1134 310 1174 cepit
514 1135 604 1174 coepit
799 1134 888 1173 coepit
1083 1134 1173 1174 coepit
1369 1134 1458 1173 coepit

231 1185 370 1215 cohor-tus
513 1191 631 1215 coortus
798 1188 915 1213 coortus
1083 1189 1201 1215 coortus
1368 1188 1487 1214 coortus

123 1238 182 1264 413
230 1234 310 1265 sama
323 1240 370 1266 est
512 1235 592 1265 fama
605 1240 652 1266 est
796 1232 875 1263 fama
889 1239 936 1264 est
1081 1232 1190 1265 famast
1367 1231 1488 1264 fama'st

230 1285 317 1314 urbes
513 1285 599 1315 undis
797 1283 882 1312 undis
1083 1285 1169 1315 undis
1366 1284 1466 1314 urbe'is

123 1339 180 1364 414
228 1333 303 1362 Inde
514 1334 600 1363 Unde
798 1331 883 1361 Unde
1084 1333 1171 1363 Unde
1368 1331 1442 1361 Inde

122 1388 180 1414 415
228 1393 410 1422 quaecuuque
510 1394 684 1423 quecunque
794 1392 974 1422 quaecunque
1081 1392 1261 1424 quaecunque
1367 1391 1547 1424 quaecunque

227 1433 350 1462 cohorta
510 1439 613 1463 coorta
794 1436 896 1461 coorta
1080 1438 1182 1463 coorta
1366 1437 1467 1462 coorta

122 1488 180 1513 418
227 1487 337 1513 terram
359 1487 390 1513 et
410 1493 470 1513 cae-
510 1488 618 1514 terram
640 1489 671 1514 et
693 1494 752 1514 cae-
793 1487 902 1511 terram
921 1487 951 1513 et
977 1493 1037 1513 cae-
1080 1486 1189 1514 terram
1214 1490 1245 1515 et
1265 1497 1324 1516 coe-
1365 1480 1470 1511 coelum
1496 1493 1533 1513 ac
1560 1489 1622 1515 ter-

267 1531 327 1561 lum
548 1534 608 1563 lum
832 1532 891 1562 lum
1119 1534 1177 1564 lum
1404 1543 1468 1563 ram

122 1586 180 1616 419
230 1581 306 1611 Solis
512 1582 589 1613 Solis
795 1581 872 1611 Solis
1081 1583 1216 1624 Solisque
1367 1582 1503 1623 Solisque

228 1636 260 1661 et
510 1633 590 1663 deest
792 1630 873 1660 deest
1078 1637 1109 1662 et
1364 1637 1395 1662 et

227 1681 296 1710 lune
510 1683 587 1714 lunae
793 1682 872 1711 lunae
1078 1683 1154 1714 lunae
1364 1681 1441 1712 lunae

227 1741 357 1771 promam
509 1744 615 1773 ponam
792 1742 898 1770 ponam
1078 1744 1184 1773 ponam
1363 1741 1469 1770 ponam

120 1788 176 1815 421
226 1780 307 1810 deest
508 1782 590 1812 deest
792 1781 873 1811 deest
1077 1782 1158 1812 deest
1363 1791 1396 1810 se

225 1841 348 1870 quaeque
507 1845 622 1873 queque
792 1843 919 1872 quaeque
1076 1842 1203 1872 quaeque
1362 1841 1486 1871 quaeque

210 1900 214 1904 ·
225 1890 280 1910 suo
507 1895 562 1913 suo
792 1893 846 1912 suo
1077 1894 1132 1912 suo
1362 1885 1452 1920 atque

118 1938 177 1964 422

117 1988 176 2017 427

224 1941 348 1970 quaeque
507 1944 623 1972 queque

224 1981 414 2020 Quaecunque
506 1983 688 2023 Quecunque

223 2031 304 2060 intus
507 2032 585 2063 inter

791 1943 918 1972 quaeque

790 1983 971 2022 Quecunque

791 2032 868 2062 inter

1077 1943 1200 1973 quaeque
1361 1941 1488 1971 quaeque

1077 1985 1268 2025 Quaecunque
1360 1981 1554 2021 Quaecunque

1075 2034 1153 2064 inter
1361 2032 1439 2062 inter

116 2086 175 2112 428
225 2091 320 2110 aevom
507 2092 603 2112 aevum
790 2093 884 2112 aevum
1077 2096 1171 2115 aevum
1358 2093 1452 2112 aevum

115 2136 174 2165 429
222 2135 319 2160 caetus
507 2138 601 2162 coetus
789 2139 882 2162 coetus
1074 2140 1168 2165 coetus
1359 2136 1454 2161 COE‘fflS

117 2185 176 2212 430
223 2180 398 2210 conveniant
430 2189 467 2209 ea
506 2183 683 2213 conveniant
710 2193 757 2212 ea·
787 2183 963 2213 conveniant
982 2194 1032 2213 ea·
1072 2185 1249 2215 conveniant
1272 2195 1308 2214 ea
1358 2192 1394 2210 ea
1420 2182 1597 2212 conveniant

262 2240 328 2269 quae
544 2244 601 2273 que
827 2243 885 2272 que
1113 2246 1178 2275 quae
1298 2242 1300 2244 '
1397 2242 1464 2271 quae

223 2278 301 2307 decet
504 2283 585 2312 deest
789 2282 869 2312 deest
1074 2286 1154 2316 deest
1359 2287 1393 2312 ut

134 2359 140 2362 N
223 2331 368 2356 conventa
504 2338 650 2364 conventa
788 2337 933 2362 conventa
1073 2336 1249 2366 conveniant
1358 2345 1521 2364 convenere

117 2384 172 2410 431
222 2376 349 2406 refluunt
503 2383 598 2413 fluunt
787 2382 882 2411 fluunt
1074 2384 1149 2414 fiunt
1358 2384 1430 2413 fiant

116 2434 175 2460 432
223 2423 312 2454 masis
504 2431 593 2460 moris
788 2434 877 2461 moris
1073 2434 1162 2463 maris
1358 2433 1447 2462 maris

222 2473 290 2503 caeli
504 2480 568 2510 caeli
788 2481 856 2510 caeli
1072 2483 1140 2513 caeli
1357 2482 1424 2512 coeli

115 2533 174 2559 434
222 2523 294 2553 Alte
307 2523 410 2554 volans
505 2529 578 2559 Alte
590 2531 692 2561 volans
787 2530 858 2560 Alte
872 2529 974 2560 volans
1072 2532 1241 2563 Altivolans
1358 2532 1527 2563 Altivolans

221 2585 275 2604 nec
504 2590 558 2622 nec
788 2591 841 2609 nec
1071 2594 1125 2612 nec
1357 2594 1452 2622 neque

221 2625 328 2664 sydera
504 2624 602 2660 sfflera
786 2631 893 2671 sydera
1072 2632 1170 2662 sidera
1357 2633 1455 2662 sidera

115 2681 172 2708 435
221 2674 327 2704 caelum
504 2679 607 2709 caelum
786 2680 888 2710 caelum
1071 2682 1175 2711 caelum
1356 2684 1461 2714 coelum

221 2735 276 2754 nec
504 2740 558 2758 nec
786 2740 841 2759 nec
1072 2741 1125 2761 nec
1357 2743 1452 2772 neque

115 2781 172 2810 437
220 2777 342 2806 cohorta
504 2783 604 2809 coorta
787 2784 888 2809 coorta
1072 2785 1174 2811 coorta
1355 2787 1458 2813 coorta

114 2829 172 2856 438
220 2830 320 2865 partes
359 2823 363 2831 '
503 2832 604 2868 partes
788 2833 888 2868 partes
1074 2831 1185 2870 parteis
1357 2837 1457 2872 partes

219 2886 322 2916 cepere
505 2887 617 2917 coepere
789 2888 903 2918 coepere
1074 2890 1187 2920 coepere
1358 2893 1472 2922 coepere
