1967 3314
610 280 822 330 LIBRI
864 277 1155 328 TERTII.
1534 279 1629 320 235

1373 431 1414 450 Ex
1427 431 1589 451 TYPOGRA-

1346 485 1426 505 rnlA
1441 484 1620 505 socuz'rATl„

1390 537 1570 558 BlPONTlNAE
1576 551 1583 557 .

496 464 619 484 PAULUS
634 465 769 486 FRIDEN·
789 463 986 483 'rutenonus
1001 462 1051 482 DE*

567 518 703 540 PERGER.
796 516 1032 537 RAGAzonnms.

250 494 402 517 FBRBAND
406 495 451 516 US·

1084 791 1125 821 sit
1369 787 1410 817 sit

517 798 543 829 si
801 798 826 828 si

235 857 300 876 cum
313 857 414 877 somno
516 859 581 879 cum
593 859 696 879 somno
801 857 866 877 cum
881 857 982 877 somno
1084 850 1150 869 cum
1166 849 1268 870 50111110
1369 848 1472 867 somno
1484 848 1550 867 cum

234 896 335 926 debita
517 897 619 928 dedita
800 897 903 927 dedita
1084 889 1186 919 dedita
1368 887 1472 917 dedita

235 947 390 976 honestum
517 948 673 979 honestum
800 947 960 977 honustum
1084 944 1222 969 onustum
1369 943 1508 968 onustum

235 995 330 1025 omnis
518 997 613 1027 omnis
801 996 895 1026 omnis
1084 989 1196 1019 omneis
1369 987 1481 1017 omneis

237 1044 365 1075 Laetitiae
519 1045 639 1076 Laetitie
802 1046 922 1077 Laetitie
1085 1040 1214 1070 Laefitiae
1369 1037 1500 1067 Laefifiae

234 1095 331 1125 inanis
518 1094 614 1124 inanis
800 1097 896 1126 inanis
1083 1090 1197 1120 inaneis
1368 1087 1482 1117 inaneis

235 1146 388 1176 harmonia
517 1144 670 1174 harmonia
801 1146 954 1176 harmonia
1083 1138 1265 1169 harmoniam
1368 1137 1552 1167 harmoniam

235 1195 354 1225 interire
517 1194 638 1223 interire
800 1195 921 1225 interire
1083 1189 1211 1219 retinere
1367 1187 1496 1216 retinere

234 1255 351 1275 rursum
517 1252 632 1272 rursum
801 1255 917 1274 rursum
1084 1250 1200 1270 rursum
1369 1246 1470 1265 mrsus

235 1295 340 1325 caloris
518 1291 615 1322 calore
801 1295 898 1325 calore
1085 1289 1192 1319 caloris
1369 1284 1476 1314 caloris

234 1344 382 1384 extemplo
517 1352 554 1370 ex
574 1341 684 1382 templo
801 1355 838 1374 ex
849 1336 960 1384 templo
1086 1337 1238 1377 extemplo
1369 1332 1518 1388 extemplo

234 1397 334 1431 partes
1086 1386 1197 1427 parteis
1370 1387 1481 1422 parteis

232 1442 297 1472 haee
1084 1438 1149 1467 haec
1372 1434 1436 1462 haee

236 1502 302 1531 quae
1085 1497 1150 1526 quae
1371 1493 1437 1522 quae

234 1552 359 1582 vapores
1087 1537 1205 1577 vaporis
1371 1533 1488 1573 vaporis

234 1591 317 1621 color
1088 1587 1168 1617 calor
1371 1583 1452 1612 calor

236 1640 353 1670 deseret
1088 1638 1200 1668 deserit
1372 1631 1483 1662 deserit

236 1691 373 1730 quoniam
386 1695 433 1721 est
521 1688 658 1727 quoniam
671 1692 718 1717 est
1090 1687 1258 1727 quoniamst
1373 1681 1553 1720 quoniam’st

237 1741 327 1770 redde
521 1737 610 1766 redde
1090 1737 1168 1767 redit
1374 1731 1462 1760 redde

236 1790 418 1819 harmoniam
522 1786 703 1816 harmoniam
808 1790 991 1820 harmoniam
1089 1786 1231 1816 armoniai
1376 1781 1553 1810 Harmonia'i'

237 1840 314 1870 salto
522 1837 599 1866 salto
806 1840 912 1869 saltem
1090 1837 1169 1866 saltu
1374 1829 1454 1860 saltu

237 1890 373 1930 helyconi
522 1885 650 1915 heliconi
813 1888 966 1918 Heliconis
1095 1886 1250 1917 Heliconis
1376 1881 1530 1911 Heliconis

236 1944 355 1969 traxere
522 1940 641 1964 traxare
807 1942 927 1967 traxere
1090 1941 1208 1966 traxere
1373 1937 1491 1961 traxere

522 1994 587 2013 cum

524 2032 673 2072 Quicquid

522 2087 630 2112 caetera

522 2132 603 2162 deest

521 2183 607 2212 heret

522 2233 638 2262 exultat

524 2283 582 2312 hee

521 2332 654 2362 Laetitiae

524 2382 634 2413 mulcet

526 2433 619 2462 imens

525 2483 704 2522 animusque>
712 2486 759 2512 est

807 1997 873 2015 cum
1089 1992 1152 2016 tum

807 2035 955 2075 Quicquid
1089 2035 1229 2076 quicquid

807 2091 915 2116 caetera
1091 2091 1201 2116 caetera

806 2135 887 2164 deest
1089 2141 1121 2166 et

807 2186 892 2215 heret
1088 2189 1182 2217 haeret

806 2235 921 2265 exultat
1090 2237 1207 2267 exultat

806 2286 869 2314 haec
1090 2287 1154 2316 haec

809 2335 930 2365 ›Letitiae
1090 2336 1194 2366 letitiae

807 2385 916 2414 mulcet
1078 2400 1081 2408 ·
1090 2385 1220 2415 mulcent

808 2436 917 2465 simens
1091 2443 1174 2463 mens

807 2485 984 2524 animusque
994 2487 1044 2513 est
1093 2482 1208 2512 animus
1222 2485 1310 2520 quest

237 1995 300 2020 tum

237 2039 387 2079 Quicquid

237 2093 339 2118 cetera

236 2143 268 2168 et

237 2189 323 2218 heret

237 2238 353 2273 exultat

237 2288 304 2317 haec

241 2337 369 2366 Laetitjae

242 2385 373 2416 mulcent

241 2447 324 2466 mens

241 2486 414 2525 animusque
429 2489 476 2515 est

244 2536 360 2565 Caetera

243 2584 318 2614 Cum

244 2645 301 2663 uua

243 2694 297 2714 con

243 2736 410 2773 temptante

245 2784 371 2813 Leditur

243 2833 352 2863 leditur

245 2883 419 2923 Laentiaque

246 2932 329 2973 viget
383 2984 387 2989 ⁷

528 2734 664 2761 tentante

530 2781 665 2811 Laeditur

499 2834 502 2836 ’
527 2830 648 2860 laeditur

530 2881 714 2922 Laetitiaque

529 2936 616 2972 urget

1380 2876 1560 2916 Laetitiaque

1380 2926 1463 2967 viget
