1967 3314
727 432 849 453 uncus
861 431 999 452 ramex·
1019 429 1210 450 rueononus
1227 429 1271 450 nr:
1611 409 1651 429 Β
1664 410 1828 432 '‘mm‘’

479 464 681 488 rzanaunus
796 486 923 507 naon.
1031 485 1266 506 RAGAZONBUS.
1380 461 1495 482 Annos.
1580 463 1659 484 nm
1675 464 1840 486 socmxn

927 499 934 506 ⁶
1622 519 1816 541 mrem-ma.

514 588 642 618 BrLu'ae.
794 590 924 620 Ver-ome.
1079 590 1218 621 venetiis.
1368 587 1506 618 Verwtit'e.
1651 591 1785 631 Biponti.

491 676 565 707 Sine
577 677 675 706 Anno.
829 682 910 711 1486.
1113 687 1194 717 1495.
1679 685 1765 715 17⁸2·

363 775 421 805 490
469 769 638 811 injactando
754 771 781 799 in
790 770 933 809 jactando
1037 772 1065 801 in
1074 772 1218 812 jactando
1320 770 1349 798 in
1358 770 1503 810 jactando
1603 769 1632 798 in
1640 769 1785 808 jactando

365 826 423 855 492
471 819 598 850 animam
753 819 879 848 animam
1038 822 1165 852 animam
1321 819 1446 848 animam
1604 820 1733 849 animum

471 876 610 908 spumans
754 868 899 906 spumatis
1038 870 1204 910 spumantis
1323 872 1472 907 spumanti
1605 878 1747 908 spumans

364 924 423 953 493
473 922 506 946 ut
755 917 835 946 deest
1039 919 1119 948 deest
1325 922 1358 946 ut
1605 923 1639 948 ut

472 966 641 995 fervescunt
755 966 925 996 frenescunt
1039 968 1210 998 frenescunt
1326 965 1494 996 fervescunt
1607 966 1746 997 fervescit

367 1021 424 1051 496
473 1016 548 1046 unde
756 1016 832 1045 unde
1041 1018 1118 1047 unde
1326 1015 1411 1045 undae
1608 1016 1687 1047 unda

475 1065 642 1095 Eliciuntur
758 1066 926 1095 Eliciuntnr
1043 1067 1212 1098 Eliciuntur
1326 1065 1482 1096 eliciuntur
1611 1066 1778 1107 Ejiciuntur

367 1123 425 1152 498
475 1113 663 1156 Desipientia
759 1115 948 1155 Desipientia
1044 1118 1092 1147 De
1105 1116 1244 1157 sipientia
1330 1116 1518 1156 Desipientia
1611 1115 1799 1156 Desipientia

474 1175 533 1204 qua
758 1177 799 1206 qu
1043 1178 1111 1207 qum
1326 1176 1392 1195 cum
1610 1165 1682 1205 qnia

369 1223 426 1251 499
474 1215 560 1245 docui
758 1217 837 1246 domi
1043 1217 1121 1247 domi
1327 1215 1413 1246 docui
1610 1214 1697 1245 docui

371 1272 424 1298 501
475 1264 592 1294 reflexit
759 1265 874 1301 reflexit
1044 1266 1158 1296 reflexit
1328 1265 1446 1295 reflexit
1611 1275 1645 1294 se
1658 1263 1742 1294 flexit

372 1321 428 1348 503
477 1313 562 1352 quasi
759 1315 826 1355 quis
1045 1316 1111 1356 quis
1329 1315 1416 1354 quasi
1612 1313 1698 1354 quasi

478 1361 610 1391 vacilans
761 1363 904 1394 vacillans
1046 1365 1188 1395 vacillans
1329 1364 1471 1394 vacillans
1613 1363 1780 1404 talipedans

479 1412 572 1441 omnis
761 1414 856 1444 omnis
1046 1414 1140 1444 omnis
1330 1416 1441 1445 omneis
1612 1413 1724 1444 omneis

375 1472 432 1498 504
480 1462 617 1491 insensus
763 1465 792 1494 in
805 1474 912 1494 sensus
1047 1464 1077 1493 in
1092 1473 1198 1494 sensus
1331 1465 1361 1494 in
1374 1474 1479 1495 sensus
1614 1464 1642 1493 in
1657 1473 1763 1494 sensus

377 1522 432 1547 ⁵05
483 1513 558 1541 Haee
767 1514 833 1543 Hec
1051 1514 1117 1542 Hec
1335 1515 1410 1544 Haec
1618 1514 1697 1543 Haec

377 1569 434 1596 506
481 1562 500 1591 J
504 1565 640 1591 actentnr
764 1563 784 1592 J
787 1567 923 1593 actentur
1049 1563 1209 1592 Jactentur
1327 1565 1481 1604 jactentur
1616 1563 1756 1592 Jactetur

481 1611 615 1641 laborent
766 1613 900 1642 laborent
1049 1613 1184 1642 laborent
1334 1613 1468 1642 laborent
1618 1613 1733 1642 laboret

379 1673 435 1701 507
483 1661 585 1690 eadem
765 1664 869 1693 eadem
1049 1662 1152 1691 eadem
1334 1662 1437 1692 eadem
1618 1662 1742 1692 eandem

379 1721 436 1747 510
484 1711 547 1741 fleti
767 1713 847 1742 flecti
1051 1714 1131 1744 flecti
1336 1712 1416 1742 flecti
1619 1711 1698 1742 flecti

484 1759 658 1791 medicinam
767 1762 939 1792 medicinam
1051 1762 1226 1793 medicinam
1336 1761 1481 1791 medicina
1619 1760 1766 1792 medicina

381 1822 415 1847 51
422 1821 435 1846 l
485 1810 627 1852 praesagit
768 1812 902 1853 presagit
1054 1813 1187 1853 presagit
1337 1811 1483 1851 praesagit
1621 1810 1762 1853 praesagit

380 1871 437 1897 512
486 1860 580 1901 partis
768 1863 863 1903 pastis
1054 1862 1149 1902 partis
1338 1862 1449 1901 parteis
1621 1860 1733 1902 paneis

486 1911 612 1941 traicere
768 1912 895 1942 traicere
1054 1911 1180 1941 traicere
1337 1912 1474 1952 trajicere
1620 1911 1760 1952 trajicere

486 1970 601 2000 aequum
618 1962 665 1989 est
769 1965 908 2001 equumst
1055 1966 1195 2001 equumst
1338 1965 1484 2000 aequumst
1621 1959 1778 2000 aequum'st

383 2021 439 2048 513
488 2009 600 2049 aliquid
771 2010 882 2051 aliquid
1055 2010 1168 2050 aliquid
1200 2033 1202 2035 >
1339 2011 1452 2050 aliquid
1621 2011 1702 2041 aliud

488 2059 643 2089 detrahere
771 2061 890 2090 trahere
1055 2061 1175 2090 trahere
1338 2061 1494 2090 detrahere
1621 2060 1778 2090 detrahere

490 2109 582 2139 hilum
770 2110 863 2140 hilum
1056 2109 1159 2139 liillum
1339 2110 1430 2140 hilum
1620 2109 1704 2140 illum

385 2171 443 2197 514
491 2159 657 2199 quicunque
771 2168 945 2198 quecunque
1056 2169 1229 2199 quecunque
1338 2160 1504 2199 quicunque
1621 2159 1790 2199 quicunque

491 2214 522 2240 et
534 2210 601 2240 infit
772 2213 805 2238 et
817 2207 885 2238 infit
1056 2213 1087 2238 et
1099 2208 1166 2238 infit
1341 2209 1367 2238 is
1381 2209 1477 2248 ipsum
1621 2213 1654 2239 et
1665 2207 1732 2238 infit

386 2271 403 2296 5
408 2271 442 2296 15
492 2259 597 2299 quierit
772 2258 870 2297 querit
1058 2258 1155 2298 querit
1340 2259 1447 2298 quaerit
1623 2257 1731 2297 querit

387 2317 444 2347 515
491 2308 646 2338 transferri
774 2312 856 2337 terra
867 2306 937 2337 ferri
1058 2311 1138 2338 terra
1150 2308 1219 2338 ferri
1341 2308 1496 2340 transferri
1623 2306 1779 2338 transferri

493 2359 588 2400 partis
774 2357 869 2398 partis
1059 2358 1153 2398 panis
1342 2358 1455 2398 parteis
1624 2357 1736 2398 parteis
1758 2396 1759 2402 ἵ

388 2421 445 2449 517
495 2407 655 2438 Inmortale
776 2406 946 2438 Immortale
1061 2409 1234 2439 Immortale
1344 2407 1514 2439 Immortale
1625 2406 1796 2438 Immortale

494 2459 650 2499 quicquam
775 2458 932 2498 quicquam
1059 2459 1216 2500 quicquam
1342 2459 1502 2498 quicquam
1624 2458 1783 2498 quidquam

389 2520 447 2546 513
494 2509 687 2549 quodcunque
775 2507 854 2547 quod
866 2516 932 2536 cum
1060 2509 1139 2550 quod
1152 2519 1218 2539 cum
1343 2508 1537 2548 quodcunque
1624 2508 1816 2549 quodcunque

391 2570 445 2595 521
494 2562 529 2588 ut
541 2562 573 2588 et
775 2560 810 2587 ut
822 2566 839 2586 e
1061 2564 1095 2589 ut
1107 2569 1124 2588 e
1343 2563 1378 2588 ut
1390 2557 1494 2589 edocui
1624 2559 1670 2589 uti
1681 2558 1768 2588 doctu

496 2607 647 2637 medecina
777 2606 922 2636 medicina
1062 2608 1206 2638 medicina
1345 2607 1489 2638 medicina
1625 2607 1770 2638 medicina

392 2668 448 2693 522
496 2656 571 2687 false
777 2656 853 2686 false
1062 2657 1137 2688 false
1343 2657 1428 2688 falsae
1626 2657 1710 2687 falsoe

497 2705 620 2746 rationis
778 2706 902 2736 rationis
1063 2707 1185 2738 rationis
1345 2707 1452 2737 rationi
1626 2704 1735 2735 rationi

394 2766 450 2791 523
497 2766 635 2785 occurere
778 2765 930 2785 occurrere
1063 2767 1215 2787 occurrere
1345 2766 1499 2786 occurrere
1625 2763 1778 2784 occurrere

498 2805 675 2845 praecludere
779 2804 949 2845 praeludere
1064 2808 1234 2847 precludere
1345 2805 1523 2845 praecludere
1626 2803 1805 2844 praecludere

497 2854 596 2884 cuncti
778 2855 861 2885 eunti
1063 2857 1146 2887 eunti
1345 2854 1428 2885 eunti
1626 2853 1710 2884 eunti

393 2917 450 2943 524
497 2904 643 2935 refutatur
779 2906 925 2938 refutatur
1065 2906 1212 2938 refutatur
1345 2903 1493 2936 refutatur
1627 2903 1758 2934 refutatu
