1967 3314
255 440 408 463 remum)
414 441 457 462 US.

287 565 415 596 Brixiae.

260 655 333 685 Sine
347 656 444 685 Anno.

239 750 379 785 ceperunt

239 793 320 824 deest

240 843 319 872 urbis

240 903 393 933 arcemque

240 942 461 983 perfugiumque

240 997 329 1031 atque

238 1041 402 1072 diviserant

237 1091 345 1121 dedere

238 1140 379 1181 vigebant

237 1190 358 1221 inventa
375 1196 422 1222 est

236 1240 363 1281 dempsit

234 1291 405 1330 plerumque

233 1346 397 1379 sequuntur

234 1393 330 1427 Quam
345 1392 417 1422 libet

235 1442 335 1482 pulcro

235 1493 380 1532 gubernat

232 1552 323 1581 -parce

235 1595 339 1620 aestum
352 1601 440 1630 quam

237 1640 287 1669 Ad

235 1690 315 1719 deest

235 1738 391 1769 voluerunt

236 1800 268 1818 se

234 1843 370 1878 potentes

235 1888 350 1927 placida

196 1951 197 1957 ¹
234 1944 359 1977 possunt

233 1988 340 2017 ducere

234 2038 440 2078 Nequicquam

232 2088 389 2117 succedere

233 2138 448 2177 certantesque

231 2187 289 2217 iter

231 2236 339 2267 festum

232 2285 327 2316 secere

232 2333 322 2364 deicit

233 2383 270 2412 In
283 2384 332 2414 via
343 2390 376 2415 et

232 2435 421 2474 contemptim

232 2487 310 2513 tetra

231 2533 258 2562 si
271 2533 308 2562 de

230 2581 378 2612 incassum

230 2632 399 2671 Augustum

228 2691 281 2720 per
294 2681 351 2711 iter

227 2730 401 2760 ambitiones

228 2779 404 2820 Plerumque

227 2839 295 2869 quae

226 2879 294 2909 altis

235 2941 315 2974 Vox„
332 2942 396 2975 IV.

603 216 819 275 LIBRI
861 225 1152 283 QUINTI.

503 409 625 429 PAULUS
641 408 775 429 FRmEN-
801 409 992 430 THEODORUS
1006 409 1047 429 DE

806 463 1040 484 RAGAZONIBUS.

572 462 710 484 PERGER.

574 567 704 597 Veronae.

595 663 608 687 1
613 661 676 689 486.

520 752 671 787 coeperunt

520 798 601 828 deest

520 849 600 878 urbis

520 903 671 937 artemque

520 947 743 987 prefugiumque

517 1002 611 1037 atque

518 1046 736 1086 diviserantque

517 1096 626 1126 debere

519 1147 666 1185 vagebant

519 1196 670 1226 inventast

518 1245 665 1284 depressit

517 1294 677 1334 plerunque

518 1349 657 1374 secuntur

517 1395 612 1428 Quam
627 1394 698 1424 libet

517 1444 640 1483 pulchro

517 1494 663 1534 gubernat

518 1548 604 1582 parte

480 1605 482 1607 >
518 1596 622 1622 aestum
635 1604 722 1633 quarn

518 1642 567 1671 Ad

519 1691 598 1721 deest

516 1742 670 1773 voluerunt

516 1792 596 1822 deest

516 1847 650 1882 potentes

515 1892 631 1931 placida

515 1947 639 1981 possunt

515 1991 620 2020 ducere

516 2041 566 2069 Ne
579 2041 735 2080 quiequam

515 2091 672 2120 subccdere

515 2141 729 2180 Certantesque

514 2191 590 2220 inter

512 2240 542 2269 in
555 2241 664 2270 festum

512 2289 617 2320 foecere

512 2340 602 2370 deicit

515 2389 600 2419 Invia

513 2443 711 2479 contemptum

513 2493 594 2518 terra

512 2538 537 2567 si
551 2538 588 2567 de

512 2587 542 2616 in
555 2598 671 2618 cassum

511 2638 680 2677 Angustum

511 2686 621 2724 pariter

511 2735 685 2766 ambitiones

512 2783 680 2825 Plerunque

510 2844 567 2873 que

510 2882 579 2914 altis

858 567 995 596 Venetiir.

881 659 963 687 1495.

802 750 953 784 coeperunt

802 793 883 823 deest

802 843 883 872 urbis

804 899 955 934 artemque

804 943 1027 983 prefugiumque

804 998 893 1032 atque

804 1042 1024 1083 diviserantque

803 1092 910 1122 debere

804 1143 952 1182 vag-ebant

802 1191 953 1222 inventast

802 1241 949 1281 depressit

801 1292 961 1330 plerunque

800 1345 941 1369 secuntur

801 1388 898 1422 Quam
911 1388 983 1419 libet

800 1437 923 1477 pulchro

800 1489 945 1528 gubernat

800 1543 885 1578 parte

800 1592 908 1618 aestum
921 1599 1008 1628 quam

801 1638 852 1667 Ad

802 1687 882 1718 deest

800 1738 955 1768 voluerunt

800 1787 879 1817 deest

800 1843 935 1878 potentes

799 1889 915 1928 placida

799 1944 924 1979 possunt

797 1989 903 2019 ducere

800 2038 850 2068 Ne
863 2040 1018 2079 quicquam

796 2089 955 2119 subcedere

797 2139 1011 2177 certantesque

796 2189 874 2218 inter

796 2239 825 2267 in
839 2239 946 2268 festum

795 2290 902 2319 soecere

796 2339 886 2368 deicit

797 2389 833 2420 ln
846 2389 895 2417 via

794 2443 993 2478 contemptum

794 2491 875 2516 terra

795 2537 820 2566 si
834 2537 871 2566 de

793 2588 823 2617 in
837 2598 953 2618 cassum

794 2640 964 2678 Angustum

793 2687 904 2727 pariter

798 2736 970 2766 ambitiones

796 2785 962 2825 Plerumque

795 2846 860 2874 quae

795 2885 865 2915 altis

876 2946 942 2977 Xx

1137 564 1275 595 Veneriis.

1088 748 1240 782 coeperunt

1088 796 1150 822 tum

1088 843 1185 873 urbeis

1085 903 1242 931 arcemque

1087 942 1311 983 perfugiumque

1087 996 1119 1021 et

1086 1041 1214 1071 divisere

1087 1091 1194 1121 dedere

1087 1141 1227 1181 vigebant

1086 1191 1237 1222 inventast

1085 1241 1213 1281 dempsit

1085 1289 1246 1330 plerunque

1084 1345 1224 1370 secuntur

1085 1389 1255 1423 Quamlibet

1084 1438 1207 1478 pulchro

1083 1490 1230 1530 gubernat

1084 1551 1172 1580 parce

1083 1602 1124 1621 aes
1137 1596 1278 1631 tanquam

1083 1740 1237 1770 voluerunt

1083 1789 1162 1819 deest

1083 1845 1218 1880 potentes

1082 1890 1226 1929 placidam

1044 1952 1046 1955 ·
1079 1944 1201 1979 possent

1080 1988 1187 2028 degere

1081 2037 1289 2076 Nequicquam

1080 2087 1239 2116 subcedere

1080 2137 1237 2167 Certantes

1079 2187 1136 2216 iter

1078 2237 1217 2267 infestum

1078 2288 1172 2316 fecere

1078 2337 1179 2376 dejicit

1081 2387 1197 2417 Invidia

1079 2437 1268 2477 contemptim

1079 2491 1159 2516 tetra

1079 2537 1142 2567 sine

1078 2588 1224 2618 incassum

1079 2640 1247 2678 Angustum

1077 2697 1128 2726 per
1144 2688 1200 2717 iter

1078 2737 1245 2768 ambitionis

1079 2787 1238 2828 plerunque

1079 2848 1144 2877 quae

1078 2888 1146 2919 altis

1549 243 1643 283 345

1386 390 1427 408 Ex
1439 390 1603 412 TYPOGRA-

1357 443 1435 463 PHIA
1452 445 1630 468 SOCIETATIS

1399 498 1593 521 BIPONTINAE.
1622 501 1624 504 “

1425 571 1562 612 Bz'ponti.

1451 664 1464 689 1
1471 665 1536 694 782.

1372 754 1525 788 coeperunt

1373 798 1453 827 deest

1372 849 1470 879 urbeis

1372 909 1528 938 arcemque

1372 949 1596 990 perfugiumque

1371 1003 1403 1028 et

1371 1048 1498 1079 divisere

1370 1099 1477 1129 dedere

1370 1148 1510 1187 vigebant

1369 1197 1530 1228 inventa'st

1370 1248 1477 1278 demsit

1370 1297 1540 1336 plerumque

1367 1352 1531 1385 sequuntur

1369 1396 1539 1430 Quamlibet

1369 1446 1491 1485 pulchro

1367 1497 1512 1536 gubernet

1368 1556 1455 1585 parce

1368 1596 1408 1625 ’st
1421 1607 1548 1636 unquam

1368 1648 1411 1675 At

1367 1706 1399 1725 se

1366 1745 1483 1775 voluere

1365 1806 1432 1825 esse

1364 1845 1510 1883 potenteis

1364 1894 1509 1934 placidam

1363 1949 1486 1983 possent

1362 1993 1470 2033 degere

1365 2042 1574 2083 Nequidquam

1364 2093 1520 2122 succedere

1365 2142 1522 2172 Certantes

1362 2192 1420 2221 iter

1363 2241 1501 2272 infestum

1362 2291 1457 2321 fecere

1361 2341 1465 2380 dejicit

1361 2391 1479 2420 Invidia

1360 2441 1528 2471 coutemtim

1361 2496 1447 2521 taetra

1359 2542 1421 2571 sive

1360 2593 1508 2624 incassum

1361 2644 1530 2682 Angustum

1361 2703 1413 2732 per
1425 2692 1483 2722 iter

1360 2743 1527 2773 ambitionis

1362 2792 1537 2832 Plerumque

1360 2852 1425 2881 quae

1361 2890 1427 2920 aliis
