1967 3314
328 270 420 311 196
621 265 1074 316 VARIANTES
1112 267 1547 317 LECTIONES

707 439 838 467 'monus
851 446 988 467 mem-
1598 427 1639 447 ΣΧ
1649 427 1814 449 TYPOGRA‘

1569 481 1646 501 P1-11A
1663 481 1843 503 socm‘rA'us

1611 536 1641 555 131
1645 536 1681 556 Po
1685 536 1738 556 N'rl
1742 535 1806 556 ΝΕ.

1013 449 1205 470 mutonokus
1221 449 1262 469 DE

468 478 669 499 FERRANDus.
1365 481 1477 502 Almus-

779 501 914 522 PERGER.
1019 503 1255 523 RAGAzonnzus-

1066 604 1206 634 Venetiis.
1351 605 1454 635 Veneti
1455 606 1490 635 is.

816 701 829 726 1
834 699 902 726 486.
1381 703 1394 728 1
1399 703 1465 728 500.

453 781 535 811 aedes
737 785 815 814 aedes
1021 785 1099 815 aedes
1306 787 1383 818 aedes
1591 786 1681 815 oedeis

367 838 406 866 27
451 831 547 872 fulg-et
736 834 832 873 fulget
849 867 851 869 ¹
1020 833 1116 874 fulget
1306 836 1423 877 fulgens
1589 835 1685 875 fulget

454 882 568 912 renidet
737 883 852 913 renidet
1022 884 1137 913 renidet
1307 888 1443 917 renidens
1592 884 1709 914 renidet

366 937 405 963 28
452 931 555 960 citarae
738 933 889 972 cytharaee
1022 934 1170 972 cytharaee
1307 937 1429 966 citharis
1591 932 1714 963 citharis

452 980 564 1020 liqueat
737 981 858 1021 laqueat
1022 982 1142 1021 laqueat
1307 986 1429 1015 reboant
1591 983 1714 1013 reboant

452 1030 603 1060 reboantia
738 1032 891 1062 roboantia
1022 1031 1175 1060 reboantia
1307 1034 1444 1074 laqueata
1592 1034 1730 1073 laqueata

451 1079 530 1108 deest
740 1080 806 1111 Nec
830 1081 963 1121 cytharis
1024 1081 1090 1112 Nec
1128 1082 1260 1122 cytharis
1307 1084 1386 1114 deest
1592 1083 1672 1113 deest

769 1131 894 1161 reboant
932 1131 975 1161 la·
1054 1131 1179 1161 roboant
1217 1131 1259 1160 la-

769 1186 878 1221 queata
1055 1186 1164 1221 queata

366 1233 404 1261 29
452 1228 525 1257 Cum
538 1233 637 1258 tamen
737 1231 814 1265 Qum
828 1236 926 1261 tamen
1020 1231 1098 1266 Qum
1112 1236 1210 1261 tamen
1307 1244 1371 1264 cum
1386 1238 1484 1264 tamen
1592 1235 1734 1263 Attamen

451 1277 519 1306 altae
736 1279 808 1309 alcae
1021 1280 1092 1310 alcae
1306 1283 1374 1312 altae
1591 1283 1660 1312 altae

365 1331 400 1357 31
444 1327 576 1366 jucunde
730 1329 859 1368 jocunde
1015 1330 1144 1370 jocunde
1299 1333 1429 1372 jucunde
1584 1332 1715 1371 jucunde

365 1381 404 1406 32
449 1386 515 1405 culn
735 1389 803 1417 qum
1021 1390 1089 1417 qum
1306 1392 1371 1411 cum
1590 1391 1658 1410 cum

364 1431 403 1456 33
450 1427 604 1456 viridantis
735 1429 889 1458 viridantis
1021 1428 1174 1458 viridantis
1305 1430 1476 1461 viridanteis
1592 1430 1763 1461 viridanteis

364 1478 404 1506 ‘56
451 1477 585 1508 Lacteris
735 1477 871 1508 Lactcris
1021 1476 1157 1507 Lacteris
1298 1481 1423 1520 jacteris
1590 1480 1721 1510 Jactaris

449 1527 474 1556 si
735 1528 814 1557 deest
1019 1526 1099 1556 deest
1304 1529 1331 1559 si
1573 1533 1575 1536 ’
1591 1530 1617 1559 si

449 1577 583 1617 inplebea
736 1580 763 1609 in
779 1581 897 1620 plebem
1019 1576 1048 1605 in
1061 1576 1181 1616 plebera
1305 1579 1333 1608 in
1348 1579 1463 1619 plebeia
1592 1580 1706 1619 plebeia
1719 1579 1748 1609 in

450 1627 613 1656 cubandum
627 1631 674 1656 est
736 1629 900 1659 cubandum
914 1634 961 1660 est
1020 1627 1183 1656 cubandum
1197 1631 1245 1655 cst
1305 1629 1471 1659 cubandust
1591 1629 1768 1659 cubandu'st

363 1678 401 1706 37
450 1675 524 1704 nihil
736 1679 808 1708 nihil
1020 1677 1094 1706 nihil
1306 1679 1346 1708 nil
1591 1678 1632 1707 nil

449 1734 534 1764 gazae
736 1717 806 1769 gere
1020 1738 1091 1768 gere
1305 1738 1390 1769 gazae
1591 1738 1676 1769 gazae

364 1778 402 1803 58
450 1786 504 1805 nee
736 1789 790 1808 nec
1021 1788 1075 1807 nec
1306 1789 1359 1807 uec
1591 1787 1684 1818 neque

364 1828 402 1856 39
449 1836 570 1865 superes
735 1839 823 1869 super
835 1834 883 1860 est
1021 1839 1109 1868 super
1123 1833 1170 1859 est
1306 1834 1440 1869 superest
1590 1834 1726 1870 superest

364 1878 401 1902 40
448 1874 512 1904 fore
735 1879 811 1909 fone
1020 1878 1096 1908 forte
1306 1878 1382 1908 forte
1590 1880 1666 1910 forte

448 1935 501 1964 per
735 1939 808 1968 puer
1021 1939 1093 1968 puer
1305 1939 1357 1967 per
1590 1940 1642 1970 per

363 1976 398 2001 41
449 1985 514 2004 cum
736 1988 805 2017 qum
1021 1988 1090 2016 qum
1305 1988 1371 2006 cum
1590 1990 1657 2009 cum

449 2025 626 2054 simulachra
735 2027 892 2057 simulacra
1022 2027 1178 2056 simulacra
1305 2027 1463 2057 simulacra
1590 2029 1746 2059 simulacra

450 2074 556 2104 cientis
736 2077 841 2106 cientis
1021 2076 1128 2106 cientis
1304 2076 1427 2106 cienteis
1590 2077 1712 2107 cienteis

365 2126 402 2151 42
450 2123 531 2155 deest
737 2124 816 2155 deest
1021 2126 1100 2157 deest
1305 2127 1385 2157 deest
1593 2126 1718 2156 Fervere
1730 2138 1795 2157 cum
1806 2127 1849 2157 vi-

1622 2177 1693 2206 deas
1724 2177 1848 2207 classem

1627 2225 1746 2265 lateque
1785 2237 1836 2255 va-

1622 2276 1704 2315 gari3

452 2322 510 2352 duo
543 2333 649 2353 veritus
678 2334 697 2352 a
737 2324 796 2354 duo
827 2335 931 2354 ‘versus
966 2334 984 2353 a
1021 2329 1079 2358 duo
1113 2338 1217 2358 versus
1251 2339 1270 2358 a
1306 2326 1365 2357 duo
1399 2337 1504 2357 versus
1535 2338 1554 2356 a

441 2411 444 2415 ,
486 2377 508 2391 “
528 2372 696 2402 Subsidiis''
770 2380 793 2394 ‘⁶
815 2374 981 2404 Subsidiis'’
1055 2383 1077 2397 ‘⁶
1102 2378 1268 2409 Subsidiis''
1341 2382 1363 2396 “
1389 2377 1555 2408 Subsi‹liis'’

483 2422 519 2451 ad
550 2428 574 2441 ‘⁶
589 2423 700 2453 anima-
767 2426 804 2455 ad
837 2431 859 2445 ‘⁶
877 2426 985 2456 anima-
1054 2428 1092 2457 ad
1124 2428 1268 2459 “anima-
1339 2426 1376 2455 ad
1405 2431 1427 2445 ‘⁶
1447 2427 1554 2457 anima·

483 2471 554 2502 tas’‘
766 2476 836 2505 tas'’
1055 2477 1123 2507 tas”
1336 2475 1406 2506 tas'’

364 2526 402 2551 43
449 2533 515 2552 cum
737 2536 803 2554 cum
1022 2538 1088 2557 cum
1307 2536 1373 2555 cum
1593 2529 1654 2555 tum

450 2572 621 2602 tumefactae
738 2575 906 2605 tumefactae
1022 2577 1189 2607 tumesactae
1306 2574 1467 2604 tumefacto
1593 2575 1749 2610 timefacta?

449 2622 605 2662 religiones
739 2625 895 2665 religiones
1023 2626 1180 2666 religiones
1307 2624 1474 2665 relligiones
1591 2625 1758 2666 relligiones

365 2675 403 2700 44-
453 2672 608 2713 Effugiant
740 2675 808 2704 Efl'u
812 2675 896 2715 giant
1025 2676 1179 2716 Effugiant
1306 2676 1450 2715 effugiant
1593 2674 1748 2714 Effugiunt

365 2724 402 2749 45
451 2729 568 2763 tempus
738 2730 854 2764 tempus
1023 2729 1139 2764 tempus
1308 2731 1423 2766 tempus
1591 2728 1694 2764 pectus

366 2771 404 2799 46
453 2772 515 2800 haec
738 2775 794 2803 hec
1023 2775 1078 2803 hec
1309 2776 1371 2805 haec
1592 2776 1654 2804 haec

452 2819 634 2860 ludibriaque
738 2823 909 2863 ludibmque

454 2870 498 2899 Re
513 2881 583 2900 vera
596 2882 662 2911 quae
740 2873 857 2902 Revera
869 2883 877 2901 τ
890 2883 955 2912 qum

451 2929 586 2960 curaeque
739 2933 874 2962 curaeque

1025 2824 1198 2864 ludibraque
1309 2824 1489 2862 ludibriaque

1025 2873 1142 2904 Revera
1154 2885 1162 2903 ε
1175 2885 1240 2914 quae
1307 2884 1338 2903 re
1355 2884 1481 2912 veraque

1024 2933 1157 2963 cuxaeque
1306 2934 1450 2963 curasque

1591 2823 1773 2864 ludibriaque

1591 2885 1622 2904 re
1636 2884 1770 2913 veraque-

1590 2933 1728 2963 curaeque

1258 2982 1279 3009 5
