1967 3314
163 617 242 681 T.
333 615 982 701 LUCRETIUS
1067 616 1447 683 CARUS.

333 845 789 899 ·VARIANTES
827 801 1257 899 LECTIONES

564 1036 760 1090 LIBRI
808 1042 1027 1090 SEXTI.

698 1219 923 1246 “vsvs-ww„

1319 1435 1361 1454 Ex
1373 1435 1535 1457 TYPOGRA-

1087 1488 1203 1509 ALDUS.
1289 1489 1366 1508 PHIA
1383 1490 1562 1512 SOCIETATIS

433 1456 556 1477 PAULUS
567 1455 706 1476 FRIDEN-
734 1455 926 1475 THEODORUS
942 1456 982 1475 DE

185 1490 386 1510 FERRANDUS.

504 1511 640 1530 PERGER.
737 1511 973 1531 RAGAZONIBUS.

1329 1544 1359 1563 131
1363 1544 1455 1564 PON'H
1460 1545 1523 1566 NAE.

219 1613 347 1643 Brixioe.
500 1613 630 1643 Veronae.
784 1615 922 1645 Venetiis.
1073 1613 1211 1643 Veneriis.
1358 1616 1491 1655 Biponti.

195 1701 221 1730 S
221 1700 232 1729 i
234 1711 269 1730 ne
281 1702 378 1732 Anno.
533 1704 615 1733 1486.
816 1710 897 1739 1495.
1101 1708 1114 1733 1
1119 1708 1186 1733 500.
1383 1708 1396 1734 1
1402 1709 1468 1738 782.

172 1794 262 1834 aegris
455 1794 534 1833 egris
739 1795 819 1835 egris
1024 1792 1111 1832 aegris
1309 1794 1396 1834 aegris

173 1843 358 1875 Didederunt
456 1844 604 1874 Diderunt
741 1844 890 1874 Diderunt
1026 1843 1206 1874 Dididerunt
1310 1842 1489 1875 Dididerunt

170 1893 315 1932 praeclaro
455 1903 518 1934 prae
529 1895 619 1924 charo
740 1904 803 1932 prae
818 1895 908 1924 charo
1025 1893 1166 1933 praeclaro
1308 1892 1453 1930 praeclaro

169 1943 300 1973 Athenae
455 1945 560 1974 athnae
741 1944 843 1973 athnae
1027 1943 1155 1972 Athenae
1309 1941 1438 1971 Athenae

170 1992 271 2031 primae
454 1995 547 2034 prime
740 1992 833 2032 prime
883 1983 889 1991 ¹
1025 1992 1126 2031 primae
1309 1991 1411 2030 primae

168 2041 268 2070 dulcia
454 2044 549 2073 dultia
739 2044 834 2074 dultia
1025 2041 1122 2071 dulcia
1307 2040 1405 2069 dulcia

168 2090 302 2120 extincta
454 2093 587 2123 extincta
739 2095 872 2125 extincta
913 2106 919 2111 ·
1024 2092 1150 2122 extincti
1307 2091 1447 2122 exstincti

170 2139 273 2170 caelum
300 2159 306 2165 ·
397 2161 400 2165 -
453 2143 556 2172 caelum
739 2145 845 2174 caelum
1024 2142 1128 2171 coelum
1307 2139 1411 2169 coelum

170 2199 235 2218 cum
356 2186 359 2189 ’
455 2203 524 2232 qum
550 2225 554 2229 .

170 2237 318 2269 advictum
453 2242 492 2271 ad
507 2243 616 2272 victum

171 2297 238 2325 quae
453 2302 511 2330 que

173 2338 219 2364 11.
456 2344 501 2369 11.

172 2384 215 2414 Et
456 2387 501 2417 Ec

171 2444 225 2473 pro
454 2447 509 2476 pro

171 2493 230 2522 qua
455 2494 513 2522 quo
545 2519 547 2521 ¹

172 2532 296 2562 Divitiis
456 2534 588 2564 Divitias

169 2582 301 2622 potentis
455 2584 588 2624 pocentis

169 2636 325 2672 gnatorum
456 2638 611 2672 gnatorum

739 2206 808 2234 qum
1024 2202 1090 2220 cum
1306 2199 1372 2218 cum

739 2246 778 2274 ad
791 2246 902 2276 victum
1024 2241 1062 2270 ad
1078 2241 1187 2271 victum
1308 2239 1346 2268 ad
1362 2240 1471 2270 victum

740 2305 798 2334 que
1024 2301 1089 2329 quae
1307 2299 1375 2328 qllae

743 2347 755 2372 1
764 2347 786 2374 1.
1027 2344 1039 2368 l
1046 2343 1071 2368 l-

742 2392 787 2421 Ec
1025 2388 1068 2417 Et
1308 2388 1351 2418 Et

740 2449 793 2480 pro
1024 2447 1077 2477 per
1307 2430 1361 2476 per

740 2498 798 2527 quo
1023 2498 1088 2526 quae
1307 2498 1371 2527 quae

741 2537 872 2568 Divitias
969 2563 972 2565 .
1025 2536 1147 2566 Divitiis
1309 2537 1433 2568 Divitiis

739 2587 872 2626 pocentis
1023 2586 1170 2626 potenteis
1306 2587 1452 2626 potenteis

739 2641 894 2676 gnatorum
936 2643 942 2650 ·
1025 2640 1181 2676 gnatorum
1307 2641 1441 2665 natorum

741 2685 873 2714 excolere
1024 2685 1168 2715 excellere
1307 2686 1452 2716 excellere

740 2733 821 2762 cordi
1024 2735 1112 2764 corda
1306 2735 1395 2765 corda

740 2783 830 2813 animi
1024 2784 1113 2814 animi
1305 2785 1432 2814 animum

740 2832 866 2873 ingratis
1024 2834 1149 2874 ingratis
1305 2834 1426 2868 infestis

704 2875 708 2879 ⁷
741 2883 832 2913 vitam
1025 2884 1115 2913 vitam
1306 2884 1374 2924 cogi

169 2682 300 2712 extulere
455 2681 588 2711 excolere

169 2731 251 2761 cordi
457 2731 537 2761 cordi

167 2780 260 2810 animi
456 2781 545 2811 animi

169 2831 295 2871 ingratis
456 2831 582 2871 ingratis

171 2879 263 2910 vitam
457 2880 548 2911 vitam
