1967 3314
322 217 417 261 392

354 598 394 628 V.

330 738 404 764 1000

329 837 399 864 1001

330 984 403 1011 1002

330 1034 403 1060 1003

328 1232 401 1259 1004

329 1380 400 1406 1005

329 1476 401 1505 1006

328 1527 401 1558 1007

328 1578 401 1603 1008

328 1676 403 1702 1010

329 1775 399 1802 1011

329 1876 403 1903 1012

328 1926 402 1952 1014

327 2074 401 2101 1015

328 2219 401 2249 1016

328 2273 400 2301 1017

327 2322 402 2348 1018

328 2371 402 2398 1020

329 2471 398 2498 1021

329 2521 402 2547 1022

328 2669 402 2695 1023

329 2718 403 2745 1024

328 2768 403 2795 1025

639 209 1097 259 VARIANTES
1135 207 1531 259 LECTIONE
1552 211 1584 259 S

1597 372 1615 391 Σ
1619 371 1637 390 X
1654 372 1756 394 TYPOG
1760 374 1818 395 RA-

1570 427 1585 447 1²
1591 427 1609 447 Η
1614 427 1648 447 ΙΑ
1661 427 1824 450 sommum

1603 481 1619 500 Β
1624 481 1673 501 {Po
1677 481 1730 501 N'rl
1734 481 1784 502 ΝΕ
1788 495 1796 503 .

717 391 840 412 PAULUS
852 391 987 411 mumm—
1013 392 1204 414 'rflzononus
1220 392 1263 413 D}

466 424 669 446 mmmmm&
782 445 919 465 PERGER.
1021 447 1253 468 RAGAzoMBUS.
1369 427 1483 449 *LDUS‘

499 548 630 579 Brixiae.
791 548 923 579 Veronoe.
1070 551 1210 581 Venetiis.
1354 552 1491 584 Venetiis.
1637 551 1770 592 Blponh'.

474 639 548 668 Sine
561 639 659 669 Anno.
812 643 894 671 1486.
1099 645 1183 674 1495.
1380 651 1462 678 1500.
1665 646 1746 676 1782.

452 729 598 768 pennulta
735 744 786 773 per
799 734 891 764 multa
918 727 921 731 ⁵
1017 742 1071 772 -per
1084 731 1176 762 multa
1302 743 1354 774 per
1369 734 1461 765 multa
1586 731 1731 771 permulta

451 788 572 808 necesse
584 782 631 809 est
735 787 886 813 necessest
1019 786 1169 811 necessest
1302 789 1452 813 necessest
1586 780 1749 810 uecesse’st

451 832 556 858 aestum
734 836 830 862 estum
1018 834 1114 860 estum
1303 836 1409 862 aestum
1586 833 1692 859 aestum

450 877 573 907 discutit
734 881 865 911 destinat
1019 880 1149 910 destinat
1302 882 1425 912 discutit
1584 879 1708 909 discutit

450 937 520 957 aera
735 941 806 960 aora
1019 938 1090 958 aora
1303 941 1373 960 aera
1587 940 1657 960 aera

451 977 617 1016 ferrumque
626 981 678 1007 ,est
734 979 902 1020 ferrumque
914 987 962 1012 est
1020 976 1187 1018 ferrumque
1199 983 1247 1008 est
1302 979 1470 1019 ferrumque
1482 985 1529 1011 est
1586 979 1794 1020 ferrumque'st

454 1026 521 1055 Hoc
737 1029 804 1059 Hec
1023 1027 1098 1056 Haec
1306 1029 1373 1059 Hoc
1590 1030 1658 1060 Hoc

450 1074 580 1105 inanitur
735 1079 863 1109 inaniter
1021 1077 1148 1107 inaniter
1167 1079 1174 1085 '
1305 1078 1435 1108 inanitur
1588 1080 1718 1111 inanitur

450 1125 608 1165 multisque
735 1129 904 1170 multusque
1021 1126 1189 1167 multusque
1304 1128 1471 1168 multusque
1588 1129 1756 1171 multusque

449 1175 574 1206 rarescit
735 1178 866 1209 vacescit
1021 1178 1152 1208 vacescit
1304 1179 1411 1209 vacefit
1588 1179 1697 1210 vacefit

449 1225 599 1266 externplo
735 1238 772 1257 ex
786 1228 897 1269 templi>
1020 1237 1059 1258 ex
1073 1228 1183 1269 templo
1232 1220 1235 1223 ,
1303 1228 1452 1269 extemplo
1588 1228 1737 1270 extemplo

449 1274 530 1304 deest
735 1277 800 1307 loca
1021 1279 1086 1309 loca
1303 1277 1384 1307 deest
1588 1277 1670 1307 deest

448 1323 525 1353 serre
735 1327 812 1357 ferre
1021 1329 1097 1359 ferre
1304 1328 1375 1358 ferri
1588 1327 1658 1356 ferri

447 1377 612 1403 commenta
735 1381 899 1406 commenta
1021 1384 1186 1409 commenta
1303 1378 1460 1417 conjuncta
1587 1377 1744 1417 conjuncta

448 1425 482 1451 ut
494 1422 545 1461 qui
734 1431 768 1456 ut
780 1427 832 1466 qui
1019 1434 1053 1460 ut
1071 1430 1121 1470 qui
1304 1433 1337 1457 ut
1347 1428 1404 1467 *qui
1587 1430 1677 1466 utque

449 1471 586 1501 Annulus
736 1476 852 1506 Anulus
1020 1479 1138 1509 Anulus
1303 1476 1409 1506 anulus
1587 1475 1723 1507 Anuulus

449 1520 597 1551 alimenfis
735 1525 900 1556 aliemeutis
1020 1528 1186 1558 aliementis
1304 1535 1340 1554 ex
1355 1525 1508 1555 elementis
1586 1536 1624 1555 ex
1637 1526 1791 1557 elementis

449 1574 513 1600 arte
735 1578 800 1603 arte
1020 1582 1085 1608 arte
1303 1579 1368 1604 arte
1587 1580 1669 1605 arcte

450 1621 571 1650 coheret
735 1624 856 1654 coheret
1020 1627 1142 1657 coheret
1235 1643 1239 1646 -
1303 1624 1435 1661 cohaeret
1587 1626 1718 1656 cohaeret

449 1670 558 1700 dicitur
576 1681 612 1701 ex
627 1671 687 1700 ele·
734 1673 844 1704 dicitnr
858 1684 896 1704 ex
910 1675 969 1704 ele·
1020 1675 1129 1706 dicitur
1141 1686 1179 1706 ex
1196 1676 1256 1706 ele·
1303 1673 1412 1704 dicitur
1423 1685 1460 1704 ex
1481 1674 1540 1705 ele·
1587 1674 1677 1714 paulo
1694 1674 1822 1706 diximus

482 1721 588 1750 mentis
767 1725 874 1755 mentis
1052 1725 1159 1756 mentis
1336 1725 1442 1755 mentis
1618 1728 1687 1754 ante

450 1770 559 1800 referre
734 1773 844 1804 referre
1021 1776 1130 1806 referre
1304 1786 1320 1804 e
1333 1775 1411 1805 ferro
1586 1774 1622 1803 de
1636 1774 1714 1804 ferro

450 1820 573 1849 cohart&
735 1828 836 1854 coorta
1021 1828 1121 1855 coorta
1303 1829 1405 1854 coorta
1585 1828 1687 1853 coorta

449 1869 575 1899 annulus
735 1873 840 1904 anulus
1021 1875 1126 1905 anulus
1303 1874 1408 1905 anulus
1585 1874 1710 1903 annulus

449 1919 526 1949 cecis
540 1919 592 1959 qui
734 1925 820 1955 caecis
834 1925 884 1965 qui
1019 1925 1105 1955 caecis
1119 1924 1170 1964 qui
1303 1924 1447 1963 caecisque
1586 1924 1729 1964 caecisque

450 1979 503 1999 nec
735 1985 789 2004 nec
1019 1984 1073 2003 nec
1304 1986 1333 2005 ιιι
1350 1985 1394 2005 eis
1586 1985 1615 2003 ιιι
1629 1984 1665 2004 eo

449 2018 530 2048 hesit
734 2023 814 2052 hesit
1020 2023 1099 2053 hesit
1304 2025 1389 2056 haesit
1587 2024 1674 2055 hausit

449 2068 525 2097 idem
734 2071 811 2101 idem
1019 2073 1096 2101 idem
1302 2076 1373 2105 item
1584 2073 1654 2102 item

448 2117 542 2157 partis
733 2121 828 2161 partis
1018 2121 1112 2160 partis
1303 2125 1414 2164 parteis
1574 2122 1696 2161 jparteis

449 2166 555 2196 vacefit
734 2172 863 2202 harescit
1019 2169 1147 2199 harescit
1302 2173 1409 2203 vacetit
1586 2172 1693 2203 vacefit

449 2222 620 2246 transverso
733 2227 888 2252 tranverso
1018 2224 1171 2248 tranverso
1302 2228 1436 2253 traverso
1586 2226 1759 2252 transverso

449 2266 554 2296 vacinss
733 2271 838 2301 vacina
1019 2268 1123 2298 vacina
1302 2272 1399 2302 vicina
1587 2272 1683 2302 vicina

448 2315 546 2356 plagis
733 2321 829 2361 plag-it
1021 2317 1117 2358 plagit
1303 2321 1400 2362 plagis
1586 2322 1682 2363 plagis

449 2370 540 2406 queat
734 2370 786 2409 qui
1021 2368 1071 2408 qui
1305 2375 1394 2411 queat
1585 2377 1677 2412 queat

451 2416 489 2446 ad
735 2421 773 2450 ad
1019 2418 1058 2447 ad
1303 2419 1383 2450 deest
1585 2421 1666 2452 deest

452 2465 520 2495 Nee
737 2471 813 2500 ΗΜ
1023 2468 1098 2498 Haec
1306 2470 1381 2499 Haec
1588 2471 1667 2502 Haec

449 2513 548 2545 Simila
734 2519 824 2550 simili
1020 2518 1110 2549 simili
1302 2518 1387 2550 simul
1401 2529 1420 2549 a
1584 2521 1671 2551 simul
1683 2531 1703 2551 a

449 2563 547 2594 fronte
562 2566 609 2593 est
734 2569 832 2598 fronte
845 2572 894 2598 est
1021 2568 1118 2599 fronte
1129 2573 1177 2599 est
1302 2570 1429 2599 frontest
1579 2569 1681 2601 fronte
1693 2574 1742 2600 aet

450 2613 548 2643 enneli
735 2617 824 2647 avelli
1020 2618 1108 2648 avelli
1303 2618 1392 2649 anelli
1585 2619 1704 2649 Annelli

450 2662 639 2701 inanitusque
734 2667 866 2697 inanitus
879 2666 931 2706 qui
1020 2670 1150 2700 inanitus
1163 2671 1214 2710 qui
1303 2668 1489 2708 inanitusque
1585 2668 1771 2707 inanitusque

451 2712 532 2741 deest
543 2722 649 2742 ver-⁹¹¹8
735 2717 816 2747 deest
828 2726 933 2747 versus
1021 2718 1101 2749 deest
1113 2729 1218 2750 versvs
1303 2717 1450 2748 Continuo
1462 2717 1518 2747 &c-
1585 2717 1731 2747 Continuo
1743 2717 1801 2747 &c.

454 2762 545 2792 Errat
736 2767 813 2797 Erat
1022 2769 1099 2799 Erat
1304 2771 1365 2798 Aer
1379 2778 1397 2798 a
1585 2770 1647 2797 Aer
1659 2777 1678 2797 a

451 2823 523 2853 ergo
735 2827 808 2857 ergo
1020 2827 1092 2858 ergo
1303 2823 1390 2859 tergo
1584 2821 1670 2857 tergo

452 2864 587 2904 provehit
736 2867 881 2906 provehat
1019 2867 1164 2906 provehat
1304 2867 1447 2906 provehat
1586 2868 1730 2908 provehat
