1967 3314
586 240 806 290 LIBRI
855 236 1176 295 QUARTI.

246 457 401 481 FERRAND
408 457 454 477 US.

496 426 620 447 PAULUS
632 424 778 447 Fanum-¹
795 422 988 445 THEODORUS
1003 421 1044 440 DE

1155 450 1240 471 ALDn
1245 450 1268 470 S.

1142 575 1277 606 Venetiis.

1170 667 1183 692 1
1188 667 1252 693 500.

1090 755 1241 785 videamus

1090 810 1204 836 semota

1090 856 1191 885 mirari
1203 866 1257 895 par
1270 859 1316 887 est

1092 906 1144 946 qui

1092 955 1223 985 Aciebus

1093 1004 1230 1044 utrinque

1094 1064 1160 1093 quae

1095 1103 1161 1132 leva

1095 1164 1161 1183 cum

1096 1202 1249 1233 incolomis

1096 1253 1175 1281 deest

1096 1301 1138 1330 sit

566 480 703 500 Peucen.
806 475 1042 501 RAGAzoslssUS.

279 580 408 611 Brixiae.
570 584 702 614 Veroque,
854 582 881 611 V
879 579 993 610 enetiis.

132 635 174 664 V·
257 670 330 700 Sine
343 669 440 697 Anno.
594 674 677 702 1436,
884 671 965 699 1495.

106 736 203 745 —-
791 723 1060 737 ,κ-
1086 726 1101 729 ,.

126 773 184 799 233
232 759 382 788 videamus
515 761 648 791 videmus
806 757 937 787 videmus

126 823 184 851 289
232 812 346 838 semota
516 814 631 841 semota
805 811 919 838 semota

128 873 186 901 290
233 857 334 887 mirari
347 866 401 896 par
413 860 460 885 est
517 859 616 889 mirari
629 869 683 899 par
698 862 746 888 est
805 857 905 889 mirari
918 867 972 897 par
986 860 1033 885 est

128 923 183 951 291
235 918 301 946 quae
518 909 569 948 qui
808 909 858 948 qui

129 972 187 999 292
236 957 368 987 Aciebus
520 957 651 987 Aciebus
809 957 939 987 Aciebus

236 1012 361 1046 utraque
521 1012 646 1046 utraque
810 1012 935 1046 utraque

132 1071 189 1099 293
237 1068 303 1096 quae
522 1067 580 1095 que
809 1068 867 1097 que

132 1121 190 1149 294
239 1107 305 1136 leva
522 1105 589 1134 leva
810 1107 876 1135 leva

133 1170 190 1199 295
239 1167 304 1186 cum
523 1166 592 1194 qum
810 1167 879 1196 qum

134 1217 192 1248 296
239 1205 392 1235 incolumis
524 1205 554 1234 in
568 1204 688 1234 colomis
811 1206 840 1236 in
855 1205 975 1236 colomis

133 1269 191 1298 297
240 1255 319 1285 deest
526 1255 610 1284 arida
812 1256 896 1285 arida

173 1327 176 1330 Δ
240 1314 286 1334 sic
528 1315 571 1334 sic
813 1316 856 1335 ειο

133 1367 192 1396 293
241 1354 346 1383 Caerea
527 1353 644 1382 Caetera
813 1354 929 1383 Caetera

527 1401 565 1430 ad
578 1401 679 1430 ludum

527 1450 607 1480 deest

527 1500 608 1530 deest

529 1550 610 1580 deest

241 1403 279 1433 ad
294 1403 393 1433 ludum

243 1452 324 1481 deest

242 1502 323 1532 deest

242 1552 323 1581 deest

263 1607 321 1632 325
335 1602 377 1631 ad
391 1606 449 1631 348
548 1605 606 1630 325
621 1599 662 1628 ad
676 1603 733 1628 348

265 1657 323 1682 300
335 1652 376 1682 ad
389 1657 447 1683 324
549 1654 608 1679 300
620 1649 661 1678 ad
672 1653 731 1679 324

140 1712 197 1739 302

141 1812 198 1838 305

143 1913 200 1939 325
249 1901 398 1940 vitamque
535 1897 684 1936 vitamque

143 1961 202 1989 326
251 1954 343 1981 caecat
535 1953 619 1979 cecat

145 2013 201 2041 327
250 2011 359 2041 magna
372 2003 420 2029 est
535 2002 674 2040 magnast

146 2062 203 2088 328
251 2050 409 2079 simulacra
536 2049 715 2079 simulachra

146 2112 204 2138 330
252 2102 419 2141 quicunque
432 2104 479 2130 est
536 2098 702 2137 quicunque
717 2100 763 2127 est

147 2162 204 2188 332
252 2151 381 2192 gignunt
537 2148 671 2189 gignitur

148 2211 205 2237 333
253 2211 439 2242 quaecuuque
538 2209 714 2238 quecunque

149 2260 206 2285 335
254 2252 368 2281 mavult
540 2248 651 2279 mavult

256 2299 420 2331 simulacris
539 2298 725 2329 simulachris

151 2357 209 2385 336
257 2349 351 2379 mixta
541 2349 635 2379 mixta

152 2409 210 2434 338
257 2409 323 2437 quae
542 2399 609 2432 Que

259 2459 325 2487 quae
544 2456 601 2483 que

259 2502 375 2527 tuemur
544 2501 678 2525 tenemur

154 2557 211 2584 339
260 2559 325 2577 cum
546 2555 615 2584 qum

262 2598 379 2638 propior
547 2593 678 2633 propi-ier

155 2656 214 2681 340
263 2648 318 2677 'mit
546 2644 576 2672 in
590 2648 622 2672 et

156 2705 211 2730 341
263 2698 392 2727 candens
548 2692 657 2722 cadens

156 2755 213 2780 342
263 2757 298 2776 ac
547 2748 579 2773 et

159 2804 216 2829 344
264 2807 351 2836 mage
550 2804 658 2833 magne

266 2845 345 2875 deest

266 2894 423 2925 simulacra

268 2945 347 2975 deest

549 2843 630 2873 deest

550 2893 729 2924 simulachra

551 2942 631 2973 deest

159 2853 217 2882 347

812 1404 850 1433 ad
866 1403 966 1433 ludum

812 1453 893 1483 deest

812 1503 892 1533 deest

813 1552 893 1583 deest

833 1607 890 1632 325
904 1601 945 1631 ad
958 1604 1016 1630 348

835 1657 893 1682 300
906 1651 948 1680 ad
960 1655 1017 1681 324

820 1901 969 1939 vitamque

820 1953 904 1979 cecat

820 2002 959 2038 magnast

821 2048 1000 2078 simulachra

821 2099 987 2138 quicunque
1000 2102 1047 2128 est

822 2148 957 2189 gignitur

822 2209 1007 2239 quaecunque

824 2247 937 2278 mavult

824 2297 1011 2328 simulachris

828 2455 885 2484 que

828 2498 962 2524 tenemur

831 2553 899 2583 qum

830 2593 962 2634 proprier

832 2644 861 2673 in
874 2647 905 2672 et

830 2694 961 2724 candens

832 2749 863 2774 et

834 2804 941 2833 magne

835 2844 915 2874 deest

835 2893 1014 2925 simulachra

837 2943 916 2974 deest

1097 1355 1188 1380 cretae

1097 1399 1210 1430 adlidat

1178 1452 1237 1479 300

1179 1502 1235 1529 301

1178 1552 1238 1579 302

1118 1602 1175 1628 325
1189 1597 1231 1627 ad
1245 1601 1304 1627 348

1118 1652 1176 1678 303
1188 1647 1230 1678 ad
1242 1652 1301 1678 324

1098 1697 1181 1727 levus

1100 1747 1166 1776 levo

1103 1898 1258 1936 vitantque

1104 1951 1197 1976 caecat

1104 2001 1244 2038 magnast

1105 2047 1263 2077 simulacra

1105 2097 1304 2138 quicunquest

1106 2148 1234 2189 gignunt

1107 2208 1288 2239 quaecuuque

1107 2248 1200 2278 multa

1109 2296 1274 2328 simulacris

1109 2348 1200 2377 mista

1111 2408 1177 2436 quae

1112 2458 1177 2487 quae

1112 2501 1228 2525 tuemur

1113 2556 1178 2575 cum

1114 2595 1231 2635 propior

1115 2645 1182 2673 iniit

1115 2693 1244 2724 candens

1115 2747 1147 2772 et

1117 2803 1203 2832 mage

1117 2842 1251 2881 quaedam

1117 2892 1273 2923 simulacra

1121 2942 1201 2973 deest

1541 243 1636 290 277

1345 368 1351 408 Ι
1383 394 1598 417 ExTYPOGRA-
1627 370 1635 411 Ι

1354 449 1433 468 ΡΗῙΑ
1447 449 1627 471 SOCIETATIS

1393 503 1588 523 BIPONTINAE.

1426 572 1560 613 Biponti.

1447 667 1532 697 1782.

1374 753 1525 782 videamus

1374 809 1516 833 remmota

1374 853 1507 883 mirarier
1520 855 1567 882 est
1579 862 1632 892 par

1375 914 1441 943 quae

1377 952 1506 982 Ae'ribus

1377 1005 1501 1041 utroque

1377 1062 1442 1090 quae

1377 1101 1455 1130 laeva

1378 1161 1444 1180 cum

1379 1199 1533 1228 incolumis

1380 1247 1461 1277 deest

1381 1298 1422 1326 sit

1381 1347 1489 1376 cretea

1381 1396 1495 1426 adlidat

1401 1451 1460 1477 300
1471 1445 1512 1476 ad
1527 1449 1584 1476 34⁴8

1383 1696 1478 1725 laevus

1384 1746 1462 1775 laevo

1386 1796 1467 1826 Nam
1480 1805 1622 1836 quaecun-

1417 1855 1486 1885 que,
1504 1844 1562 1874 &c-

1386 1895 1542 1934 vitantque

1386 1948 1482 1973 caecat

1386 1992 1537 2033 magna'st

1388 2043 1546 2074 simulacra

1389 2092 1598 2133 quicunque‘st

1389 2144 1518 2185 gignunt

1390 2203 1571 2233 quaecuuque

1391 2243 1485 2273 multa

1392 2292 1557 2323 simulacris

1392 2344 1482 2373 mista

1393 2405 1458 2433 quae

1394 2454 1459 2483 quae

1394 2498 1511 2523 tuemur

1395 2554 1460 2573 cum

1395 2592 1526 2634 proprier

1397 2643 1454 2673 init

1397 2691 1526 2722 candens

1398 2752 1433 2771 ac

1399 2802 1486 2832 mag-e

1399 2841 1481 2871 deest

1401 2892 1561 2924 simulacra

1402 2943 1544 2983 adaperta
