1967 3314
67 742 1574 757 --ῄ-Ἢῌ--ηψ

87 780 144 806 532

87 880 145 906 533

87 1081 145 1107 534

87 1228 143 1253 535

86 1372 144 1401 556

87 1521 143 1548 538

85 1719 144 1745 540

85 1916 140 1941 541

83 2115 141 2141 543

83 2165 142 2191 5442

84 2262 141 2291 546

86 2413 143 2441 547

86 2462 145 2491 549

87 2661 145 2687 550

87 2759 140 2785 551

209 470 409 493 FERRANDUS.

240 593 367 624 Brixice.

215 681 290 712 Sine
301 683 399 713 Anno.

191 775 283 805 fluant

194 826 331 852 creantur

192 872 266 900 bene

193 920 329 961 cognoris

193 981 259 1009 quae

193 1024 263 1049 sunt

192 1079 259 1107 quae

192 1118 285 1148 terrai*
297 1118 423 1149 motibus

192 1171 275 1197 extet

191 1216 333 1256 imprinfis

192 1269 288 1296 terras

191 1315 239 1345 fac

191 1763 358 1794 submersas

191 1813 235 1842 ita
264 1812 426 1853 putandum

223 1866 270 1892 est

191 1910 287 1941 simile

191 1961 272 1991 deest

191 2011 270 2041 vires

191 2060 324 2100 postulat

190 2121 317 2151 superne

189 2160 320 2201 ingentis

191 2216 265 2242 aetas

193 2260 345 2291 Concussu

192 2309 363 2348 discerpunt

193 2357 322 2397 undique

191 2412 372 2438 tremescunt

191 2458 362 2489 exultantes

193 2507 274 2537 deest

191 2556 298 2596 ‹lupnis
314 2568 428 2598 cunque

223 2607 285 2636 vini

191 2657 323 2687 subcutit

191 2707 278 2737 orbes

191 2756 221 2785 in
235 2766 359 2796 mag-nas

191 2815 276 2844 aquae

192 2858 351 2894 vastasque

191 2902 310 2934 lacunas

573 253 790 307 LIBRI
832 252 1072 304 SEXTI.

459 440 579 460 PAULUS
590 440 726 461 FRIDEN-
755 439 947 459 THEononus
962 437 1003 457 DE

527 494 662 515 PERGER.

521 597 650 628 Veronae.

553 689 565 714 1
570 687 635 716 486.

474 775 567 804 fluant

475 830 610 855 creentur

474 875 547 904 bene

473 923 601 963 cognitis

475 983 532 1012 que

475 1026 545 1052 sunt

475 1081 532 1110 que

474 1120 681 1150 terremotibus

474 1173 558 1199 extet

475 1220 505 1248 iu
518 1219 619 1259 primis

474 1273 569 1299 terras

473 1319 522 1349 fac

474 1373 506 1398 et

473 1427 562 1457 super

473 1467 554 1496 deest

476 1517 511 1545 In
524 1516 637 1556 gremio

474 1577 562 1606 rupes

473 1615 510 1644 de
525 1625 613 1654 rupes

474 1664 652 1703 diruptaque

474 1713 504 1742 vi

474 1763 528 1792 sub
538 1763 643 1793 mersis

475 1813 703 1853 caputaudumst

475 1913 570 1943 simile

474 1963 556 1992 deest

474 2011 553 2041 vires

474 2061 606 2102 pestulat

475 2121 601 2150 superne

475 2160 605 2200 ingentis

476 2213 560 2238 actas

476 2259 628 2291 Concussa

474 2308 645 2349 discerpunt

475 2357 543 2388 inde

475 2411 655 2438 tremescunt

476 2456 645 2486 exultantes

476 2505 557 2535 deest

475 2556 583 2596 (lupius
596 2565 719 2596 eumque

508 2605 564 2634 viri

476 2655 608 2685 subcutit

475 2705 561 2734 orbes

475 2754 506 2783 in
520 2765 644 2795 magnas

475 2815 560 2844 aquae

475 2865 620 2894 vasasque

475 2904 609 2935 lacrimas

758 493 992 514 RAGAZONIBUS.

805 597 942 628 Venetiis.

835 692 848 717 1
853 692 917 721 495.

758 776 850 805 fluant

757 829 894 855 creentur

758 875 832 904 bene

757 924 884 964 cognitis

757 983 823 1011 quae

756 1028 827 1053 sunt

758 1082 823 1110 quae

759 1121 964 1151 terremotibus

757 1175 843 1200 extet

758 1221 789 1250 iu
801 1219 903 1259 primis

757 1275 852 1301 terras

757 1320 806 1350 sac

758 1373 790 1399 et

757 1428 846 1458 super

758 1467 839 1497 deest

759 1517 796 1547 In
808 1517 921 1557 gremio

757 1578 844 1607 rupes

758 1616 795 1645 de
808 1625 896 1655 rupes

759 1666 936 1704 diruptaque

758 1715 789 1745 vi

759 1766 814 1795 sub
828 1765 934 1795 mersis

759 1815 989 1855 eaputandumst

758 2012 836 2042 vires

758 2061 890 2102 pestulat

758 2121 885 2151 superne

758 2160 887 2200 ingentis

758 2215 841 2240 actas

758 2262 911 2292 Concussa

758 2312 930 2352 discerpunt

759 2361 827 2391 inde

760 2415 941 2441 tremescunt

760 2459 930 2490 exultantes

760 2509 841 2538 deest

759 2558 866 2598 dupius
879 2569 1002 2598 cumque

792 2607 847 2637 viri

760 2659 891 2689 subcutit

759 2708 844 2738 orbes

759 2757 790 2787 in
804 2769 927 2798 mag-nas

760 2817 844 2846 aquae

760 2867 905 2897 vasasque

762 2905 898 2937 lacrimas

1105 467 1221 489 Annus.

1091 592 1229 623 Venetiz's.

1118 686 1132 711 1
1137 687 1203 713 500.

1041 770 1114 800 fiant

1041 825 1176 851 creentur

1041 871 1115 900 bone

1040 920 1182 959 cognoris-

1041 979 1106 1008 quae

1041 1026 1111 1050 sunt

1040 1081 1106 1110 quae

1039 1120 1133 1149 terrai*
1144 1121 1271 1151 motibus

1040 1174 1124 1199 extet

1040 1219 1070 1248 in
1084 1220 1186 1259 primis

1041 1273 1151 1300 terram

1041 1318 1106 1348 face

1041 1371 1084 1396 etv

1041 1427 1149 1457 supera

1039 1472 1129 1506 atque

1041 1516 1077 1545 In
1091 1516 1204 1556 gremio

1041 1575 1128 1604 rupes

1041 1615 1122 1644 deest

1042 1664 1225 1704 deruptaque

1037 1713 1101 1752 Jam

1041 1762 1211 1802 submersaq
1216 1773 1251 1793 ue

1042 1822 1116 1842 saxa
1148 1815 1256 1852 putau-

1073 1863 1173 1892 dumst

1042 1912 1136 1941 simile

1041 1962 1088 1991 sui

1041 2021 1088 2040 res

1040 2060 1172 2100 postulat

1041 2121 1169 2151 superna

1041 2161 1188 2200 ing-enteis

1040 2214 1113 2239 aetas

1042 2260 1194 2289 Concussu

1040 2309 1213 2349 discerpunt

1042 2359 1110 2388 inde

1042 2407 1216 2438 tremiscunt

1042 2457 1207 2488 exultantia

1042 2511 1111 2537 sunt

1041 2557 1126 2587 fortis
1139 2568 1227 2596 quam
1246 2558 1294 2588 ubi

1073 2617 1179 2646 equum
1192 2607 1238 2637 vis

1041 2657 1174 2687 subcutit

1040 2706 1136 2736 orbeis

1041 2766 1163 2796 magnas
1177 2757 1207 2786 in

1041 2819 1134 2848 aquas

1042 2863 1202 2898 vastasque

1048 2909 1169 2940 lacunas

1497 262 1590 308 375

1338 412 1379 432 Ex
1391 413 1554 435 TYPOGRA-

1306 466 1385 486 1>H1A
1401 466 1579 490 SOCIETATXS

1348 520 1474 541 BIPON'H
1478 522 1541 542 NAE.

1376 592 1510 633 Biponti.

1401 687 1414 712 1
1421 687 1486 716 782.

1323 771 1396 800 fiant

1322 824 1458 851 creentur

1323 870 1397 899 bene

1323 920 1459 959 cognoris

1324 981 1390 1008 quae

1324 1019 1385 1049 sint

1324 1080 1390 1109 quae

1323 1119 1417 1149 'terrai'
1429 1119 1555 1150 motibus

1324 1173 1424 1199 exstet

1325 1219 1355 1248 in
1368 1219 1470 1259 primis

1324 1273 1433 1299 terram

1324 1318 1372 1348 fac

1324 1371 1358 1396 ut

1325 1417 1477 1458 supera’st

1324 1472 1416 1508 atque

1326 1518 1363 1547 Iu
1377 1516 1492 1558 gremio

1327 1568 1426 1607 rupeis

1325 1617 1406 1645 deest

1324 1667 1507 1706 deruptaque

1325 1716 1354 1746 vi

1324 1766 1533 1805 submersaque

1325 1825 1398 1844 saxa
1435 1819 1542 1854 putan-

1308 1900 1311 1903 Α
1356 1865 1467 1895 dum'st

1325 1915 1450 1944 similem

1325 1964 1371 1993 sui

1325 2024 1372 2043 res

1324 2063 1458 2103 postulat.

1325 2124 1451 2153 superne

1324 2166 1471 2206 ing-enteis

1325 2221 1400 2246 aetas

1326 2266 1477 2295 Concussu

1324 2317 1495 2356 disserpunt

1325 2365 1392 2394 inde

1326 2414 1499 2445 tremiscunt

1329 2464 1482 2495 exsultant

1328 2513 1408 2543 deest

1324 2563 1375 2592 ubi
1385 2573 1487 2593 currus
1495 2563 1580 2593 fortis

1359 2624 1465 2652 equum
1478 2613 1524 2644 vis

1326 2662 1455 2693 succutit

1324 2713 1421 2742 orbeis

1325 2774 1447 2804 magnas
1462 2763 1492 2794 iu

1325 2823 1409 2852 aquae

1324 2866 1484 2902 vastasque

1324 2910 1445 2942 lacunas
