1967 3314
302 252 397 298 274
594 246 1046 302 VARIANTES
1095 253 1532 305 LECTIONES

693 430 814 450 munus
829 431 963 451 mumm-
988 435 1180 456 umonoaus
1195 436 1236 455 nxz
1567 415 1608 435 Ex
1625 416 1788 436 TYPOGRA-

444 460 647 483 rERnANnus.
760 485 896 505 renem.
994 487 1230 508 RAGAZOMBUS·
1343 470 1455 492 ALnus.
1544 470 1621 489 PfflA
1639 469 1821 491 socm’rAus

1588 523 1782 543 mroxrmae..

1046 593 1183 624 Venetiis.
1329 595 1465 625 Venetiis.
1615 593 1749 634 Bipontt'.

455 674 528 704 Sine
540 676 637 707 Anno.
1073 687 1157 715 1495.
1357 687 1440 714 1500.
1644 686 1725 715 1782.

430 765 614 795 intervallum
996 772 1073 801 inter
1085 772 1242 803 volvuntur
1279 774 1464 804 intervallum
1564 769 1752 800 intervallum

433 815 644 855 Suppeditatur
997 821 1208 862 Suppeditatur
1280 824 1491 864 Subpeditatur
1567 818 1779 857 suppeditatur

431 875 485 904 pro
497 865 557 894 telo
997 881 1050 910 pro
1062 871 1122 901 telo
1278 873 1392 912 protelo
1565 867 1678 906 Pf⁰oe¹⁰

430 912 545 953 fulgure
996 918 1113 959 fulgure
1278 922 1392 961 folgure
1564 916 1681 956 ἧιῙέ-ἶζᾞΐθ

430 961 530 1001 sUlg'lss‘
997 968 1096 1009 fulgur
1280 970 1378 1010 folgur
1564 964 1665 1005 flllgffl'

430 1010 497 1043 Qua
510 1015 629 1050 propter
713 1014 779 1047 Qua
791 1017 912 1054 propter
996 1017 1063 1051 Qua
1076 1023 1195 1058 propter
1280 1020 1468 1059 Quapropter
1564 1014 1751 1056 Quapropter

429 1058 509 1089 deest
713 1074 884 1104 quecunque
997 1078 1168 1107 quecunque
1279 1067 1359 1097 deest
1564 1065 1644 1094 ‘1⁶28‘

430 1108 608 1139 simulachra
712 1114 890 1144 simulacrha
996 1117 1153 1147 simulacra
1279 1117 1436 1148 simulacra
1564 1115 1722 1145 simulacra

428 1170 549 1190 necesse
561 1164 608 1190 est
713 1168 863 1193 necessest
994 1172 1147 1197 necessest
1280 1171 1430 1197 necessest
1563 1165 1727 1196 necesse'st

429 1219 493 1248 quae
713 1212 790 1251 quod
996 1216 1073 1255 qnod
1279 1217 1356 1255 quod
1563 1214 1641 1254 quod

427 1258 550 1298 parvula
712 1263 835 1302 parvula
996 1266 1118 1306 parvula
1279 1266 1401 1306 parvula
1563 1264 1685 1304 parvolss

428 1319 493 1348 quae
711 1323 769 1351 que
995 1326 1060 1354 quae
1279 1327 1345 1355 quae
1563 1324 1628 1353 quae

427 1362 486 1388 204
713 1366 770 1392 204
996 1369 1054 1394 204
1278 1370 1337 1395 204

428 1418 502 1447 quas
515 1409 560 1438 vis
711 1422 771 1451 qua
783 1412 828 1441 vis
995 1425 1054 1454 qua
1068 1415 1112 1444 vis
1278 1416 1397 1454 quasvis
1564 1415 1684 1453 quasvis

428 1463 538 1497 queant
712 1466 803 1500 queat
996 1469 1085 1503 queat
1277 1469 1388 1502 queant
1562 1470 1673 1503 queant

427 1519 598 1548 permanare
712 1521 880 1549 permanere
996 1523 1164 1552 permanere
1278 1523 1449 1551 permanare
1562 1523 1733 1552 permanare

426 1558 612 1588 intervallum
711 1560 896 1590 intetvallum
995 1563 1179 1593 intervallum
1279 1562 1463 1593 intervallum
1560 1562 1750 1594 intervallum

427 1617 496 1646 quae
712 1622 768 1650 que
995 1623 1063 1652 quae
1278 1622 1346 1650 quae
1563 1622 1628 1650 quae

427 1655 553 1695 poenitus
710 1661 827 1700 penitus
995 1663 1112 1702 penitus
1278 1662 1395 1701 penitus
1563 1661 1681 1700 penitus

429 1705 476 1733 Ex
490 1704 554 1735 alto
713 1710 824 1740 Exalto
998 1711 1108 1741 Exalto
1280 1711 1328 1740 Ex
1341 1711 1403 1741 alto
1565 1710 1612 1740 Ex
1627 1710 1688 1740 alto

426 1762 494 1793 ‘1¹¹ae
710 1771 767 1800 que
995 1772 1060 1801 quae
1277 1770 1346 1800 quae
1562 1759 1593 1788 in

425 1802 504 1833 foras
708 1810 788 1839 foras
994 1812 1073 1843 foras
1277 1811 1356 1842 foras
1562 1813 1658 1839 terras

425 1854 489 1883 haec
709 1861 765 1890 hec
994 1863 1056 1892 haec
1276 1863 1340 1892 haec
1562 1861 1625 1890 haec

425 1909 517 1944 punto
708 1914 801 1950 punto
993 1917 1102 1950 puncto
1276 1915 1386 1951 puncto
1562 1914 1670 1949 puncto

425 1954 480 1982 celi
708 1959 775 1989 caeli
992 1962 1055 1991 caeli
1276 1961 1340 1990 caeli
1561 1959 1627 1988 coeli

424 2001 503 2032 ῐίῑὸϊθ
708 2019 787 2038 more
993 2020 1072 2039 more
1275 2021 1354 2040 mare
1561 2019 1642 2038 mare

424 2053 576 2093 celumque
707 2058 868 2098 caelumque
993 2059 1156 2099 caelunlque
1275 2061 1435 2101 caelumque
1560 2057 1726 2096 t'oelumqfle

424 2102 522 2143 rigare
707 2108 802 2147 rigore
994 2109 1089 2148 rigore
1276 2111 1373 2150 rigare
1560 2107 1659 2147 rigare

424 2151 504 2190 deest
516 2163 620 2184 versus
707 2156 786 2186 deest
800 2167 904 2188 versus
993 2158 1072 2188 deest
1086 2170 1189 2189 versus
1275 2164 1411 2200 superest
1560 2155 1708 2196 supeffl'st

424 2213 490 2241 quae
589 2200 596 2207 ”
707 2217 765 2246 que
993 2219 1058 2247 quae
1275 2221 1342 2249 quae
1559 2216 1627 2246 (11¹ae

423 2250 504 2282 deest
532 2259 534 2262 ’
707 2255 787 2286 deest
993 2257 1072 2287 deest
1275 2258 1354 2288 deest
1559 2256 1589 2285 in

423 2302 490 2336 Quo
503 2313 540 2332 ne
707 2306 774 2341 Quo
791 2318 825 2336 ve
992 2307 1059 2340 Quo
1072 2319 1107 2337 ve
1277 2308 1384 2338 Nonne
1561 2306 1670 2336 Nonne

425 2352 646 2393 Multiplexque
710 2357 930 2398 Multiplexque
993 2356 1172 2396 Multiplicis
1190 2368 1246 2397 que
1274 2357 1503 2397 multiplicisque
1561 2355 1782 2396 Multiplexque

422 2401 516 2431 celum
707 2405 808 2435 caelum
991 2405 1092 2434 caelum
1273 2407 1375 2437 caelum
1559 2405 1664 2435 coelum

422 2450 564 2490 imprimis
707 2456 736 2485 in
750 2457 851 2496 primis
991 2454 1019 2483 in
1034 2456 1136 2494 primis
1274 2458 1303 2486 in
1318 2457 1418 2496 primis
1558 2456 1587 2484 in
1601 2455 1703 2496 primis

421 2510 482 2530 vem
706 2507 753 2535 uei
992 2504 1036 2533 uci
1274 2507 1334 2535 veri
1559 2516 1659 2536 verum

420 2550 599 2580 simulachra
706 2555 883 2586 simulachra
990 2554 1145 2584 simulacra
1273 2556 1430 2586 simulacra
1558 2556 1715 2587 simulacra

421 2609 456 2627 ex
470 2600 581 2640 templo
705 2606 839 2646 exemplo
989 2605 1124 2644 exemplo
1273 2605 1422 2645 extemplo
1557 2605 1706 2646 extemplo

420 2648 492 2677 caelo
705 2654 776 2683 caelo
806 2663 811 2666 ·
989 2654 1060 2683 caelo
1273 2653 1344 2684 caelo
1558 2656 1633 2686 coelo

420 2699 547 2729 stelante
704 2704 843 2735 stellante
989 2703 1128 2733 stellante
1273 2704 1412 2735 stellante
1557 2704 1698 2735 stellante

422 2746 534 2786 Sydera
706 2752 817 2792 Sydera
989 2753 1100 2792 Sydera
1275 2753 1377 2784 Sidera
1559 2754 1662 2783 Sidera

421 2794 532 2824 AEteris
703 2803 822 2832 aethcris
988 2802 1099 2832 AEteris
1272 2804 1390 2834 retheris
1559 2802 1679 2832 aetheris

421 2854 459 2873 ex
474 2844 532 2874 oris
703 2861 739 2879 ex
755 2851 816 2881 oris
986 2852 1082 2882 exoris
1270 2862 1307 2881 ex
1320 2853 1378 2882 oris
1557 2862 1594 2881 ex
1609 2851 1668 2882 oris

420 2893 448 2923 in
703 2898 730 2927 in
987 2901 1016 2930 in
1272 2902 1300 2931 in
1558 2901 1596 2930 ad

1020 2943 1040 2969 5
