1967 3314
361 291 456 332 224·

632 282 1087 332 VARIANTES
1127 280 1568 334 LECTIONES

502 496 705 518 rxmuxnus.

537 619 666 650 Bri-tim.

520 708 593 739 Sine
605 710 703 740 Anno.

485 809 572 829 aures

484 849 595 888 speties

486 898 545 928 ulla
556 903 604 928 est

484 949 555 988 quin

484 1000 602 1026 constet

486 1044 573 1075 Nihil

485 1105 580 1135 neque

484 1146 640 1186 quicquam

483 1195 571 1230 Quod
586 1205 644 1225 non
657 1205 729 1236 pau-

523 1245 606 1276 latim

487 1295 636 1335 Principio

485 1343 548 1374 caeli

483 1393 637 1432 Quemque

484 1441 616 1482 palantia

484 1491 592 1531 sydera

486 1540 583 1570 Lunai

484 1601 551 1630 quae

486 1649 561 1669 nunc
574 1640 601 1669 si

484 1693 586 1719 essent

483 1738 510 1768 si

484 1798 543 1827 quo

484 1837 654 1867 clauderent

487 1886 540 1916 Nil

484 1937 596 1977 speties

485 1988 582 2021 Quam

484 2035 582 2066 sessus

486 2085 595 2115 satiate

486 2134 604 2164 videndi

486 2183 554 2214 caeli

486 2239 665 2275 quapropter

486 2284 617 2314 exterius

488 2334 626 2363 videntur

487 2383 582 2413 Daede

487 2432 593 2464 falsum
607 2439 654 2464 est

486 2483 593 2518 Querit

486 2536 628 2565 rationem

485 2595 570 2615 suma

486 2636 548 2665 haec

486 2685 594 2715 moenia

486 2734 540 2763 tibi
555 2735 581 2765 si

487 2794 569 2814 mens
589 2785 660 2815 velit
683 2796 732 2815 us-

526 2845 584 2873 que

487 2888 587 2916 tactus

753 462 874 483 PAULUS
890 463 1023 484 munzu-
1046 461 1243 484 Tutononus
1260 463 1300 483 DE

822 516 958 537 PER-GER-

829 624 955 652 Veronoe.

851 710 935 739 1486.

770 809 856 828 aures

770 846 881 886 speties

769 895 830 925 ulla
842 899 890 925 est

769 944 889 984 quando

769 998 883 1025 crescet

770 1043 858 1074 Nihil

769 1104 864 1134 neque

768 1142 924 1182 quiequam

769 1192 856 1227 Quod
869 1202 927 1222 non
943 1202 1014 1232 pan-

809 1242 892 1272 latim

771 1291 921 1332 Principio

770 1342 837 1372 caeli

770 1393 914 1432 Quenque

771 1442 914 1482 pallantia

769 1493 876 1533 sydera

772 1542 945 1581 Lunamque

770 1601 827 1630 que

770 1650 846 1670 nunc
859 1640 886 1669 si

770 1695 872 1720 essent

771 1740 798 1771 si

771 1800 830 1831 quo

771 1840 942 1871 clauderent

772 1891 827 1921 Nil

771 1941 883 1981 speties

772 1991 869 2025 Quam

772 2040 861 2071 fessis

773 2089 886 2119 sociate

773 2139 892 2168 videndi

773 2189 838 2218 caeli

774 2244 954 2279 quapropter

773 2289 936 2319 excerritus

774 2339 912 2369 videntur

776 2387 862 2416 Dede

773 2437 880 2467 falsum
893 2442 940 2468 est

774 2487 888 2522 Quaerit

772 2535 914 2565 rationem

772 2596 886 2616 summa

772 2637 828 2666 hec

771 2685 879 2716 moenia

772 2735 798 2765 si
812 2735 867 2765 tibi

773 2797 867 2826 usque
923 2786 994 2817 velit

811 2846 895 2866 mens

774 2891 874 2917 tactus

1054 515 1290 538 RAGAzoxnzus.

1101 621 1135 650 V
1132 619 1245 652 metii-e.

1135 715 1148 740 1
1153 715 1217 744 495.

1054 814 1141 834 aures

1055 853 1167 895 speties

1055 904 1116 934 ulla
1128 908 1176 933 est

1055 953 1173 993 quando

1055 1005 1170 1032 crescet

1058 1050 1144 1080 Nihil

1055 1110 1152 1140 neque

1055 1151 1211 1190 quicquam

1055 1200 1141 1235 Quod
1156 1210 1214 1229 non
1232 1209 1304 1240 pau-

1094 1249 1177 1279 latim

1057 1298 1207 1340 Principio

1056 1347 1120 1378 caeli

1056 1399 1200 1437 Qnenque

1057 1447 1187 1488 palantia

1056 1498 1163 1537 sydera

1058 1547 1231 1586 Lunamque

1056 1608 1114 1637 que

1057 1657 1132 1676 nunc
1147 1646 1173 1676 si

1057 1701 1159 1727 essent

1057 1746 1084 1775 si

1059 1805 1117 1835 quo

1058 1845 1229 1876 clauderent

1061 1895 1115 1924 Nil

1058 1945 1170 1985 speties

1059 1995 1155 2029 Quam

1059 2044 1155 2073 sessus

1059 2093 1174 2122 saciare

1059 2142 1186 2172 videndo

1059 2192 1123 2222 caeli

1059 2252 1119 2281 qua
1133 2245 1307 2281 propropter

1059 2290 1222 2320 excerritus

1062 2341 1197 2371 videntur

1064 2391 1148 2420 Dede

1061 2440 1166 2470 falsum
1180 2445 1228 2470 est

1060 2490 1175 2524 Quaerit

1060 2541 1203 2570 rationem

1060 2600 1173 2619 summa

1060 2640 1114 2668 hec

1060 2688 1167 2718 moenia

1060 2738 1085 2768 si
1100 2738 1153 2767 tibi

1060 2798 1155 2827 usque
1210 2788 1280 2819 velit

1100 2847 1183 2869 mens

1061 2891 1160 2919 tactus

1404 497 1519 519 Almus.

1392 621 1526 652 Venetis«.

1419 715 1431 740 1
1436 714 1501 740 500.

1338 800 1435 830 aureis

1340 850 1454 890 species

1340 899 1431 929 ullast

1340 947 1411 987 quin

1341 1001 1458 1026 constet

1343 1045 1398 1075 Nil

1341 1106 1436 1136 neque

1341 1145 1496 1185 quicquam

1342 1196 1420 1235 quod
1434 1206 1491 1225 non
1514 1206 1585 1236 pau-

1380 1246 1464 1276 latim

1343 1296 1493 1336 Principio

1342 1345 1406 1376 eaeli

1341 1405 1476 1434 quenque

1341 1444 1472 1484 palantia

1341 1494 1449 1534 sydera

1343 1544 1518 1584 Lunamque

1342 1603 1407 1632 quae

1343 1653 1419 1672 nunc
1436 1642 1462 1672 si

1344 1700 1445 1724 essent

1344 1755 1398 1774 eeu

1344 1794 1422 1834 quod

1345 1844 1487 1874 auderent

1346 1893 1430 1924 Nulli

1345 1943 1460 1983 species

1345 2003 1433 2032 quam

1345 2042 1442 2072 sessus

1345 2091 1454 2120 satiate

1346 2140 1463 2170 videndi

1346 2190 1409 2220 caeli

1346 2244 1524 2280 quapropter

1345 2289 1505 2319 exterritus

1347 2339 1463 2369 videtur

1349 2389 1434 2418 Dede
1471 2403 1474 2407 ¹

1348 2438 1454 2468 salsast

1347 2489 1461 2523 Quaerit

1346 2538 1488 2567 rationem

1347 2597 1461 2616 summa

1346 2638 1414 2667 haec

1345 2687 1452 2716 moenia

1345 2737 1386 2767 sit
1399 2737 1440 2766 ibi

1346 2797 1440 2826 usque
1494 2787 1566 2817 velit

1385 2847 1467 2866 mens

1348 2890 1461 2917 tractus

1633 444 1673 463 Ex
1686 444 1849 465 TYPOGRA·

1603 497 1681 518 utu
1697 497 1873 519 socm‘rxn

1645 551 1676 571 131
1681 551 1772 571 PONTI
1776 551 1825 572 NR.
1831 564 1838 572 .

1701 717 1714 742 l
1719 716 1782 745 782.

1623 802 1720 832 aureis

1624 850 1738 890 species

1625 898 1725 929 ulla'st

1625 948 1696 988 quin

1625 1001 1741 1027 constet

1627 1047 1681 1076 Nil

1627 1106 1681 1126 nee.

1625 1146 1783 1186 quidquam

1627 1195 1777 1236 Principio
1793 1195 1871 1236 qnod

1666 1256 1724 1276 non

1630 1295 1776 1326 Paulatim
1789 1299 1823 1326 ut

1627 1346 1693 1376 coeli

1627 1396 1780 1435 Quemque

1626 1445 1759 1486 palantia

1627 1495 1725 1525 sidera

1630 1545 1780 1585 Lunaeque

1627 1604 1696 1633 quae

1628 1643 1654 1673 si
1668 1653 1744 1672 nnnc

1628 1693 1728 1723 adsint

1629 1753 1683 1772 ceu

1630 1791 1708 1832 quod

1630 1841 1771 1871 auderent

1632 1889 1686 1920 Nil

1630 1940 1745 1981 species

1630 1990 1727 2025 Quom

1631 2041 1728 2070 fessus

1631 2089 1740 2119 satiate

1632 2138 1750 2169 videndi

1631 2188 1697 2218 coeli

1631 2242 1809 2278 quapropter

1631 2287 1792 2317 exterritus

1633 2337 1749 2366 videtur

1635 2385 1719 2415 Dede

1631 2437 1709 2468 falsa
1720 2442 1768 2468 est

1632 2488 1747 2523 Quaerit

1633 2538 1747 2567 ratione

1632 2596 1746 2616 summa

1632 2636 1694 2666 haee

1631 2685 1738 2715 moenia

1630 2735 1671 2765 sit
1683 2735 1723 2765 ibi

1630 2794 1724 2824 usqne
1782 2785 1853 2815 velit

1670 2845 1752 2865 mens

1628 2885 1729 2925 jactus
