1967 3314
322 268 418 307 214
617 256 1073 306 VARIANTES
1119 255 1571 307 LECTIONES

719 440 841 460 PAULUS
852 410 999 460 numm-¹
1009 437 1201 458 Tnzonoaus
1219 437 1262 458 DE

788 494 926 514 PERGER.

1607 419 1648 439 Ex
1660 419 1824 441 TYPOGRA-

466 472 669 494 FERRANDL'S.

1374 471 1489 493 Annus.
1579 474 1654 494 uua
1671 474 1852 496 socnuwrxs

1620 528 1813 549 nemu-lum.

1022 493 1258 514 RAGAzonmus.

435 567 1565 578 ——-—————-——————⁷——————

501 596 628 626 Brim'oe.
783 598 914 627 Veronae.
997 582 1002 657 Ι
1070 599 1209 630 Venetiis.
1361 597 1499 628 Venetiis.
1649 600 1783 642 Biponti.

386 665 394 674 “
476 684 661 714 SineAnm.
817 688 900 717 1486.
998 669 1004 750 Ι
1105 695 1186 724 1495,
1391 693 1475 720 1500.
1675 695 1760 725 1782.

453 783 538 808 tanta
550 782 598 807 est
739 783 825 808 tanta
837 783 885 808 est
1027 784 1112 810 tanta
1125 785 1173 810 est
1315 783 1430 809 tantast
1599 778 1726 809 tanta'st

457 828 537 858 Hinc
591 837 679 867 porro
744 829 824 858 Hinc
879 839 966 868 porro
1030 829 1110 859 Hinc
1161 839 1248 869 porro
1318 829 1398 859 Hinc
1447 838 1534 868 porro
1599 829 1671 858 Jam
1680 838 1750 858 vero
1759 839 1861 868 quam-

494 877 626 917 quemvis
781 877 915 916 quemvis
1068 880 1201 919 quemvis
1354 878 1486 917 quemvis
1641 878 1686 907 vis

455 927 634 957 animantem
742 926 920 956 animantem
1029 929 1210 958 animantem

743 986 803 1006 nna
1031 989 1090 1008 una

744 1036 801 1065 que
1031 1038 1089 1067 que

745 1084 917 1114 quecunque
1031 1088 1205 1118 quecunque

745 1125 865 1155 flamata
1032 1129 1152 1159 flamata

747 1176 838 1206 Simul
1035 1179 1066 1208 Si
1080 1179 1100 1208 il

747 1231 882 1266 preterea
1034 1233 1169 1269 preterea

746 1278 802 1307 hec
815 1277 845 1307 in
859 1286 981 1316 corpore
1034 1280 1090 1308 hec
1102 1278 1254 1318 incorpore

1603 928 1782 958 animantem

1605 989 1693 1013 unam

1319 1037 1384 1066 quae
1605 1038 1670 1067 quae

1318 1086 1500 1116 quaecunque
1605 1087 1787 1118 quaecunque

1320 1125 1469 1157 flammata
1607 1128 1756 1159 flammata

1321 1174 1379 1205 mis
1608 1178 1640 1208 Si
1652 1169 1694 1208 nii

1322 1229 1469 1264 praeterea
1609 1231 1753 1268 praeterea

1322 1276 1386 1305 haec
1398 1274 1428 1304 in
1441 1284 1562 1315 corpore
1609 1289 1648 1308 ex
1657 1289 1690 1309 se
1697 1289 1734 1308 ea
1741 1287 1866 1317 corpora

1316 929 1496 958 animantum

1318 987 1407 1006 unum

456 979 515 1007 ima

457 1038 521 1067 quae

456 1087 637 1116 quaecunque

457 1127 606 1156 flammata

460 1177 491 1207 Si
506 1177 546 1206 nil

458 1231 594 1268 preterea

459 1279 522 1307 haec
536 1277 566 1306 in
579 1285 700 1316 corpore

460 1338 494 1357 ac
747 1337 787 1366 ag·
1035 1340 1075 1369 ag
1324 1336 1358 1355 ae
1609 1339 1645 1358 ac

461 1377 568 1406 Cetera
749 1376 865 1405 Caetera
1037 1378 1153 1408 Caetera
1324 1378 1432 1403 caetera
1611 1379 1720 1408 Cetera

461 1425 606 1456 consimili
749 1425 893 1457 consimili
1037 1427 1193 1458 cumsimili
1324 1423 1469 1454 consimili
1612 1427 1757 1458 consimili

464 1477 554 1518 igitur
750 1477 842 1517 igitur
1039 1478 1130 1518 igitur
1326 1473 1416 1513 igitur
1612 1478 1692 1506 intus

464 1527 595 1565 Corpora
751 1527 882 1566 Corpora
1040 1528 1172 1567 Corpora
1327 1533 1450 1563 corpora
1614 1527 1743 1566 Corpore

465 1575 570 1605 caelare
1328 1573 1431 1604 eaelare
1614 1577 1712 1606 celare

1330 1627 1378 1652 est
1615 1630 1664 1656 est

1330 1673 1401 1702 odor
1616 1675 1688 1706 odor

1331 1723 1389 1752 680

1333 1774 1390 1806 679

1333 1820 1451 1850 adolent
1618 1825 1708 1854 odore

759 1873 928 1913 Relligione
1049 1872 1217 1913 Relligione
1336 1870 1503 1911 Relligiono
1621 1874 1789 1915 Relligione

757 1922 929 1962 contingere
1046 1921 1218 1963 contingere
1333 1920 1503 1961 contingere
1618 1935 1686 1955 cum
1699 1928 1822 1964 tangere

759 1977 846 2014 parto
1048 1976 1134 2011 parto
1335 1981 1421 2011 porro
1620 1978 1706 2015 parto

763 2023 830 2052 Hec
1051 2021 1118 2050 Hec
1338 2021 1366 2050 H
1371 2031 1413 2050 aec
1623 2025 1652 2054 H
1657 2034 1702 2054 aec

763 2072 856 2101 Sucus
1051 2070 1069 2099 S
1074 2080 1144 2099 ucus
1338 2071 1449 2100 Succus
1623 2073 1733 2102 Succus

473 2134 590 2154 sursum
760 2131 877 2152 sursum
1049 2130 1164 2150 sursum
1336 2131 1451 2150 rursum
1621 2113 1752 2154 seorsum

475 2173 555 2203 deest

762 2182 822 2211 qua
1050 2181 1109 2210 qua
1337 2181 1396 2210 qua
1409 2180 1465 2200 non
1621 2180 1653 2206 et
1667 2185 1763 2205 rerum

477 2223 622 2263 permixto
763 2221 911 2262 permixto
1051 2220 1196 2261 permixto
1338 2220 1479 2259 permisto
1623 2225 1765 2266 permisto

477 2273 604 2308 Quando
764 2271 891 2307 Quando
1052 2270 1178 2305 Quando
1338 2271 1416 2306 Quin
1624 2274 1703 2310 Quin

478 2323 613 2353 comunia
765 2320 930 2352 communia
1052 2319 1216 2351 communia
1340 2320 1504 2350 communia
1624 2324 1790 2355 communia

479 2375 552 2404 Cum
765 2372 843 2406 Qum
1053 2372 1130 2405 Qum
1341 2370 1414 2400 Cum
1627 2375 1700 2406 Cum

480 2434 600 2454 necesse
614 2427 660 2454 est
767 2423 919 2450 necessest
1054 2424 1206 2450 necessest
1341 2423 1491 2449 necessest
1626 2423 1790 2454 necesse'st

480 2474 563 2504 Nam
768 2470 849 2500 Nam
1057 2471 1138 2500 Nam
1344 2469 1413 2498 Non
1628 2473 1699 2503 Non

480 2534 538 2563 quo
767 2530 826 2559 quo
1055 2530 1113 2559 quo
1342 2529 1401 2558 quo
1626 2523 1705 2562 quod

481 2583 613 2604 comums
767 2579 929 2600 commums
1055 2579 1216 2599 commums
1342 2579 1503 2598 communis
1627 2582 1788 2604 communis

482 2624 583 2653 littera
768 2621 868 2650 littera
1056 2618 1157 2648 littera
1346 2619 1446 2649 littera
1628 2625 1718 2654 litera

483 2677 568 2702 curat
769 2674 854 2700 curat
1056 2673 1142 2698 curat
1342 2672 1442 2698 currat
1629 2677 1729 2703 currat

1344 2717 1508 2749 communia

1345 2779 1416 2799 vero

1345 2829 1410 2848 cum

484 2723 618 2753 comunia
769 2720 934 2752 communia
1057 2719 1222 2748 communia

484 2782 581 2801 rerum

485 2830 550 2850 cum

1627 2721 1792 2751 communia

1630 2781 1725 2800 rerum

1630 2830 1697 2849 cum

1344 2878 1440 2899 rerum
1632 2869 1719 2909 longe

1346 2922 1376 2949 et
1632 2930 1668 2949 ac

485 2880 580 2900 rerum

484 2924 515 2950 et
