1967 3314
319 235 414 279 326
609 223 1074 275 VARIANTES
1115 222 1555 275 LECTIONES

708 408 830 428 munus
842 406 979 427 numm·
1007 405 1199 426 Tnzononus
1215 406 1255 425 ne
1593 386 1633 405 ²¹
1646 387 1809 409 'mmmm'

459 441 661 463 rssnnaxnus.
777 459 914 481 PERGER.
1011 461 1246 482 RAGMONLBUS·
1580 440 1640 460 ms
1656 441 1837 464 soen-:nnis

1603 495 1797 517 mmm-1518.

493 565 621 595 Brixiae.
773 565 903 594 Veronoe.
1059 566 1196 597 Venetiis.
1347 564 1485 595 Venetiis.
1631 568 1765 608 Biponti.

351 616 389 646 V.

469 653 544 683 Sine
555 654 654 683 Anno.
1090 662 1172 691 1495.
1376 660 1460 686 1500.
1658 661 1743 690 1782.

446 757 534 777 auras
729 755 817 775 auras
1013 757 1101 777 auras
1298 755 1384 774 auras
1581 746 1660 776 auris

449 797 601 827 commisti
731 794 885 824 Commisti
1014 797 1168 827 commisti
1298 794 1440 824 committi
1582 795 1759 825 Commiscet

448 847 521 877 sinit
731 848 802 874 sunt
1014 851 1085 876 sunt
1298 844 1370 874 sinit
1582 843 1654 873 sinit

449 907 504 926 nec
731 894 788 923 hac
1015 895 1071 924 hae
1299 903 1334 921 ac
1582 893 1644 922 liaec

449 947 521 976 sinit
731 948 801 973 sunt
1015 948 1085 973 sunt
1299 941 1371 970 sinit
1582 942 1655 972 sinit

449 996 570 1025 incertis
732 992 762 1022 in
775 993 866 1023 certis
1016 992 1045 1021 in
1059 993 1149 1023 certis
1299 990 1420 1021 incertis
1582 992 1706 1022 incertis

449 1055 504 1074 suo
732 1052 786 1072 suo
1015 1052 1070 1072 suo
1300 1049 1370 1069 suos
1582 1050 1656 1070 suos

451 1095 547 1135 signis
731 1092 826 1133 signis
1015 1093 1111 1133 signis
1301 1088 1397 1128 igneis
1584 1091 1679 1130 igneis

450 1155 540 1184 posse
731 1141 826 1182 possit
1015 1143 1112 1183 possit
1300 1149 1387 1179 posse
1584 1150 1671 1180 posse

450 1196 532 1226 nissu
732 1191 798 1220 nisu
1016 1193 1082 1223 visu
1301 1189 1367 1218 nisu
1585 1191 1651 1221 nisu

448 1250 540 1286 ponto
732 1245 823 1281 ponto
1016 1246 1108 1282 ponto
1301 1244 1392 1279 ponto
1584 1241 1668 1281 ponti

449 1306 686 1336 conservansque
731 1294 966 1330 const-ruensque
1015 1298 1249 1332 construansque
1301 1298 1478 1319 conservans
1583 1300 1762 1321 conservans

449 1355 506 1375 nuc
732 1351 809 1371 nunc
1017 1353 1093 1372 nunc
1303 1349 1380 1368 nunc
1585 1351 1662 1370 nunc

449 1395 490 1424 sit
733 1390 766 1420 fit
1016 1391 1050 1421 fit
1301 1387 1343 1416 sit
1584 1390 1625 1419 sit

448 1443 513 1473 caeli
728 1440 796 1470 caeli
1016 1440 1080 1470 caeli
1301 1436 1369 1466 caeli
1584 1438 1650 1469 coeli

448 1495 574 1525 venitur
732 1491 844 1520 veritur
1017 1491 1128 1520 veritur
1302 1486 1428 1516 vertitur
1585 1489 1711 1518 vertitur

448 1550 533 1585 parte
732 1544 817 1579 parte
1018 1545 1101 1579 parte
1301 1542 1384 1576 parte
1585 1539 1662 1578 part}

450 1594 616 1624 Dicendum
631 1599 679 1624 est
733 1588 899 1618 Dicendum
1018 1589 1183 1619 Dicendum
1300 1586 1454 1615 dicendum
1586 1587 1795 1618 Dicendnm’st

449 1655 486 1674 ex
499 1649 624 1684 utraque
731 1649 764 1668 se
777 1649 815 1667 ex
829 1643 954 1678 utraque
1016 1649 1049 1668 se
1062 1649 1099 1668 ex
1113 1644 1238 1681 utraque
1300 1647 1336 1666 ex
1351 1641 1476 1677 utraque
1585 1642 1729 1677 extraque
1801 1637 1807 1641 ’

449 1705 540 1735 supra
730 1698 821 1727 supra
1016 1698 1106 1727 supra
1301 1697 1409 1726 supera
1585 1698 1692 1728 supera

448 1744 559 1774 micant
730 1738 822 1768 micat
1016 1737 1107 1768 micat
1301 1737 1412 1766 micant
1585 1737 1696 1768 micant

449 1794 556 1834 sydera
731 1789 838 1828 sydera
1016 1787 1124 1827 sydera
1300 1786 1398 1817 sidera
1582 1787 1680 1818 sidera

447 1843 549 1873 mundi
731 1838 831 1868 mundi
1018 1837 1118 1867 mundi
1301 1836 1400 1866 mondi
1584 1837 1685 1867 mundi

448 1894 512 1922 Aut
730 1889 795 1917 Aut
1017 1889 1082 1917 Aut
1301 1891 1354 1916 aut
1584 1888 1646 1918 Ast

447 1942 515 1981 quis
730 1939 797 1978 quis
1016 1937 1082 1976 quis
1301 1937 1368 1976 quis
1585 1936 1636 1975 qui

446 1991 553 2021 fluvius
731 1989 836 2018 {iuvius
1017 1986 1121 2017 fluvius
1302 1988 1406 2017 fluvios
1584 1987 1689 2017 fluvios

446 2045 550 2070 austra
730 2043 832 2067 austra
1016 2041 1119 2066 austra
1302 2039 1426 2067 haustra
1584 2037 1709 2066 haustra

446 2090 549 2120 caelum
730 2086 832 2116 caelum
1017 2085 1119 2114 caelum
1302 2087 1406 2117 coelum
1585 2085 1689 2115 coelum

446 2150 531 2169 omne
731 2137 828 2166 onmia
1016 2135 1114 2164 omnia
1301 2148 1387 2167 omne
1585 2145 1669 2164 omne

447 2199 513 2219 cum
730 2197 799 2225 qum
1017 2195 1085 2223 qum
1301 2198 1366 2216 cum
1585 2195 1650 2214 cum

447 2240 529 2281 figna
731 2237 819 2276 signa
1018 2234 1104 2274 signa
1300 2236 1388 2276 signa
1587 2235 1673 2276 signa

1017 2284 1241 2323 Querentesque
1265 2321 1268 2323 Α

1018 2333 1248 2364 circumverszm-

1302 2288 1535 2325 Quaerentesque
1586 2285 1819 2324 Quaerentesque

1301 2336 1533 2365 circumversan-
1585 2335 1817 2365 circumversan-

447 2289 673 2329 Querentesque
731 2288 955 2326 Querentesque

447 2350 686 2370 carcmnversan.
732 2337 962 2367 circumversan-

481 2394 531 2419 tur
763 2391 814 2417 tur
1050 2389 1099 2413 tur
1333 2390 1383 2415 tur
1617 2388 1667 2414 tur

449 2439 514 2470 caeli
733 2438 799 2468 caeli
1018 2433 1082 2464 caeli
1302 2435 1368 2464 coeli
1585 2433 1652 2464 coeli

449 2501 483 2520 se
733 2488 789 2517 sub
1018 2485 1073 2515 sub
1302 2485 1359 2514 sub
1585 2493 1618 2513 se

449 2539 551 2569 inania
733 2538 832 2568 mania
1017 2535 1115 2565 mania
1304 2534 1403 2564 inania
1586 2533 1726 2563 immania

451 2588 567 2618 Versat
734 2587 868 2618 Versata
1018 2586 1152 2616 Versata
1304 2585 1419 2614 Versat
1587 2583 1702 2613 Versat

451 2649 544 2679 agens
734 2648 808 2678 gens
1018 2647 1092 2677 gens
1304 2645 1397 2676 agens
1587 2643 1680 2674 agens

452 2687 531 2727 ignis
733 2687 812 2727 ignis
1020 2685 1098 2726 ignis
1304 2684 1399 2725 igneis
1587 2682 1684 2723 igneis

451 2737 657 2778 Quotulusque
734 2737 802 2771 Quo
815 2737 956 2777 cujusque
1019 2736 1087 2770 Quo
1100 2736 1243 2776 cujusque
1304 2735 1372 2769 Quo
1386 2734 1529 2774 cujusque
1588 2734 1656 2767 Quo
1668 2731 1810 2772 cujusque

451 2791 556 2816 euntes
734 2791 840 2817 euntes
1019 2790 1124 2816 euntes
1305 2785 1422 2814 eunteis
1588 2781 1703 2811 eunteis

449 2835 551 2865 caelum
734 2837 828 2866 celum
1021 2836 1115 2865 celum
1308 2832 1413 2862 coelum
1590 2831 1694 2861 coelum

448 2885 598 2925 pascentis
734 2885 886 2926 pascentis
1022 2885 1172 2925 pascentis
1308 2881 1476 2923 pascenteis
1593 2881 1759 2921 pescentcis
