1967 3314
342 259 435 297 412
721 293 723 295 .
777 203 1402 297 ANNOTATIONES'

481 385 548 415 292
574 381 676 425 Quae,
691 379 800 414 veluti
815 378 967 413 validum
979 379 1125 424 flumen,
1139 391 1212 414 cum
1228 380 1443 425 procubuere

384 449 469 481 Cum
483 448 616 487 flumen3
642 448 713 479 MS.
758 448 848 477 Voss.
864 446 955 487 Virg.
975 447 1050 477 AEn.
1067 447 1152 478 XII.
1167 459 1194 477 v.
1210 451 1283 478 567.

556 525 629 560 Qua
645 522 740 553 Venti
755 523 938 561 incubuere,
959 521 1072 564 fugam
1088 521 1165 552 dant
1179 522 1288 553 nubila
1303 521 1393 553 caeln:

485 625 552 653 294
576 616 765 663 Impetibus
782 615 924 651 crebris:
950 615 1125 650 interdum
1141 615 1272 651 vertice
1287 620 1375 651 torto

387 688 426 724 Q.
442 697 467 718 c.
484 686 554 728 diq3
578 685 658 716 ωηῑ.

485 788 552 816 295
575 778 790 825 Corripiunt,
806 780 987 824 rapidoque
1002 779 1155 814 rotantia
1170 779 1307 814 turbine
1325 785 1476 825 portant.

387 850 486 891 Lego,
501 849 670 889 rapidoque
685 847 799 878 rotanti
805 858 816 885 ;
838 847 857 878 i.
873 858 898 877 e.
914 847 1042 886 passive.
1081 847 1169 888 Virg.
1194 848 1269 878 AEn.
1287 848 1327 878 X.
1342 850 1414 878 562.

787 932 850 962 qua
863 932 936 952 saxa
953 922 1086 952 rotantia
1100 921 1162 952 late

562 979 735 1018 Impulerat
750 984 882 1016 torrens,
898 979 1083 1017 arbustaque
1098 976 1201 1007 diruta
1216 976 1304 1016 ripis,

391 1056 441 1086 Sic
462 1060 566 1085 noster
588 1053 641 1084 lib.
658 1053 721 1084 VI.
745 1063 770 1083 v.
790 1045 868 1084 125.⁴
882 1052 1022 1084 Turbine
1036 1052 1180 1082 versanti.
1201 1052 1238 1082 Β.
1282 1051 1327 1081 Et
1340 1050 1393 1082 lib.
1409 1050 1470 1081 VI.
1485 1059 1511 1081 v.
1526 1051 1597 1081 437.
1620 1046 1844 1080 versabundus

347 1112 450 1142 turbo.

489 1207 555 1235 322
580 1198 702 1234 Invida
716 1198 893 1244 praeclusit
908 1197 1060 1244 speciem
1074 1203 1200 1237 natura
1214 1197 1355 1231 videndi.

391 1275 489 1316 Lego,
505 1272 652 1310 videndo;
679 1273 716 1303 Β.
732 1272 859 1312 passive.

490 1378 555 1406 327
581 1371 656 1404 Nec
674 1380 769 1404 mare
784 1380 861 1414 quae
877 1368 1081 1414 impendent
1096 1379 1188 1403 vesco
1205 1367 1277 1415 sale
1293 1377 1376 1403 saxa
1391 1376 1524 1412 peresa,

393 1446 516 1476 Auson.
533 1443 631 1483 Ep'ist.
647 1446 696 1472 22.

607 1518 651 1548 Et
664 1527 750 1547 nunc
768 1517 888 1556 paravit
908 1516 1050 1547 triticum
1065 1526 1154 1546 casco
1175 1515 1238 1547 sale

650 1572 820 1612 Novusque
836 1571 932 1610 pollet
953 1580 1108 1610 emporus.

394 1651 470 1691 Leg.
485 1658 576 1679 vesco
590 1647 654 1678 sale
660 1660 669 1685 ;
692 1647 822 1688 quidam
838 1646 935 1677 MSS.

610 1725 745 1755 Caseum
771 1723 874 1754 tritico
900 1729 931 1754 et
953 1723 1017 1754 sale

395 1803 532 1836 Proinde
555 1804 614 1834 hoc
630 1801 725 1832 modo
739 1801 827 1832 locus
849 1800 996 1832 constitui
1011 1806 1123 1840 potest.
1156 1790 1160 1795 ’

611 1886 654 1916 Et
669 1895 754 1916 nunc
769 1883 889 1924 paravit
903 1883 1042 1917 triticum
1056 1892 1195 1922 vescum,
1215 1888 1247 1913 et
1261 1882 1366 1914 salem.
1817 1899 1823 1916 ,

399 1964 491 1995 Ovid.
511 1967 530 1994 2
547 1964 628 1994 Fast-

572 2037 667 2068 Nunc
682 2047 773 2067 vocor
786 2037 828 2068 ad
842 2047 959 2066 nomen
974 2035 1144 2076 vegrandia
1158 2035 1240 2065 farra
1255 2033 1358 2065 coloni

570 2092 650 2128 Quae
666 2091 749 2122 male
763 2097 936 2128 creverunt,
952 2100 1106 2130 parvaque
1120 2099 1210 2120 vesca
1224 2094 1346 2119 vocant.

400 2165 574 2196 Moretum:

571 2221 660 2252 Hinc
674 2220 745 2251 salis
759 2220 910 2260 inspergit
924 2219 1033 2256 micas,
1059 2218 1128 2248 Sale
1143 2217 1240 2248 durus
1254 2216 1354 2257 adego

574 2276 690 2306 Caseus
703 2275 856 2315 adjicitur.

500 2375 566 2405 385
592 2371 814 2414 Quapropter
830 2367 928 2402 locus
945 2373 998 2401 est
1014 2365 1166 2400 intactus
1183 2365 1302 2407 Inane,
1317 2373 1523 2409 vacansque.

404 2439 485 2470 Dele
503 2439 593 2468 Vers.

527 2536 592 2564 357
619 2529 727 2570 Quod,
743 2527 809 2562 nisi
826 2525 948 2562 Inania
965 2525 1046 2568 sint,
1062 2536 1129 2572 qua
1144 2530 1289 2571 possent
1306 2533 1453 2569 corpora
1468 2532 1615 2569 quaeque

408 2604 470 2635 An.
488 2601 587 2640 Quae?
1587 2592 1594 2600 ⁸

529 2708 594 2735 368
619 2700 777 2741 Dedicat,
793 2704 828 2734 et
843 2697 957 2732 multo
971 2696 1083 2731 Vacui
1098 2695 1213 2730 minus
1227 2694 1322 2729 intus
1338 2693 1476 2728 habere.

407 2770 476 2800 Lib.
499 2770 525 2799 Ι.
542 2780 568 2800 v.
584 2773 656 2800 423.

530 2873 596 2901 384
621 2867 725 2902 Unde
740 2865 878 2901 initium
894 2864 1043 2911 primum
1061 2862 1181 2909 capiat
1197 2873 1252 2898 res
1269 2871 1415 2907 quaeque
1434 2854 1606 2894 movendi.

410 2934 524 2965 Versus
538 2935 669 2975 spurius,
