1967 3314
252 461 358 483 renna
363 460 404 480 m)
410 462 454 482 us.

290 585 420 614 Brixiae.

142 634 180 662 V.

255 673 329 702 Sine
341 674 442 703 Anno.

134 772 186 798 101
236 768 298 793 tam

237 813 310 843 mire

135 871 190 897 102
239 862 341 903 lingua

135 921 149 945 1
154 921 191 946 03
239 913 355 944 nebulae

136 969 192 995 104
240 964 320 993 deest

240 1018 292 1043 aut

239 1064 327 1094 bruto

239 1123 353 1154 praesse

137 1172 150 1196 1
155 1169 192 1197 06
240 1163 323 1192 nives

239 1213 355 1253 gelidas

240 1263 341 1292 imbris

136 1319 190 1348 107
239 1322 357 1351 aequora

135 1368 148 1393 1
153 1369 190 1396 09
239 1371 337 1390 muros

238 1411 397 1449 trabesque

135 1467 148 1492 1
154 1466 167 1491 1
172 1467 191 1492 0
239 1459 309 1488 furit

238 1508 440 1548 petulantibus

239 1558 319 1587 auris

136 1617 150 1642 1
155 1616 169 1642 1
175 1617 189 1642 1
238 1606 354 1647 fragilis

239 1655 320 1685 deest

137 1716 150 1740 1
158 1716 192 1741 12
242 1706 256 1734 I
259 1706 278 1735 d
291 1716 407 1745 quoqne

138 1765 151 1790 1
158 1765 193 1790 13
241 1755 368 1785 volantis

139 1815 151 1839 l
158 1815 170 1839 1
175 1815 193 1840 4
241 1805 368 1845 plangue
372 1810 462 1845 utque

140 1865 151 1889 l
159 1865 171 1889 l
176 1865 193 1889 5
242 1857 322 1886 deest

138 1915 150 1939 1
158 1915 169 1938 1
176 1915 193 1943 7
243 1912 325 1937 motu

242 1958 379 1987 radentes

243 2018 363 2047 corpore

242 2111 370 2137 tractam

138 2165 193 2191 118
242 2158 322 2187 auris

138 2214 151 2239 1
159 2214 194 2243 19
243 2208 373 2237 exerium

138 2264 191 2289 121
242 2261 368 2287 tremore

139 2313 194 2339 122
247 2306 381 2335 Maxime

243 2355 389 2385 dissiluiss
394 2366 410 2384 e

138 2412 152 2437 1
157 2412 195 2437 23
244 2405 378 2434 conlecta

140 2462 195 2488 124,
244 2454 362 2485 intersit

140 2511 194 2537 1⁶25
243 2509 380 2534 versante

139 2559 195 2587 126
243 2565 366 2594 corpora

138 2610 151 2635 1
157 2611 194 2636 28
242 2605 455 2644 perterricrepo

139 2661 194 2689 129
243 2665 309 2684 cum

244 2704 391 2734 vessicula

139 2760 195 2786 130
243 2765 367 2794 parvum

139 2809 192 2835 131
245 2815 311 2834 cum

140 2858 195 2885 132
245 2855 288 2885 Et

242 2903 357 2936 faciunt

256 2967 335 2998 VoL.
353 2966 416 2997 IV.

634 248 851 297 LIBRI
893 246 1133 296 SEXTI.

566 485 702 505 PERGER.

572 588 702 618 Veronce.

598 679 680 709 1486.

520 771 619 798 tamen

520 819 592 848 mire

521 868 603 909 ligna

521 917 625 947 nebule

522 967 604 996 deest

522 1022 574 1046 aut

523 1067 609 1097 bruto

523 1127 625 1156 presso

522 1166 604 1195 nives

522 1215 636 1255 gelidos

522 1265 623 1294 imbris

521 1323 632 1352 equora

520 1366 617 1391 matos

520 1411 678 1450 trabesque

520 1462 611 1491 fuerit

521 1513 726 1552 peculantibus

523 1563 602 1592 auris

522 1612 639 1652 fragilis

524 1661 603 1691 deest

526 1712 620 1752 quue

524 1761 660 1790 voluntas

524 1810 744 1851 planguentque

525 1858 605 1889 deest

525 1915 641 1939 motura

524 1960 630 1990 dentes

526 2020 542 2038 e
555 2020 677 2050 corpore
690 2020 706 2039 e
720 2020 780 2039 cor-

565 2070 635 2099 pore

526 2114 654 2139 tractum

526 2159 607 2189 auris

527 2209 653 2239 exierint

526 2264 638 2289 tremor

528 2309 664 2339 Maxime

528 2359 692 2389 dissiluisse

529 2407 643 2437 colecta

529 2455 608 2485 inter
620 2457 661 2486 sit

529 2511 666 2535 versante

529 2565 651 2594 corpore

530 2605 665 2644 praeterri
680 2615 768 2645 crepo

530 2659 592 2683 tum

531 2704 680 2734 vensicula

531 2765 652 2794 parvum

531 2814 600 2843 qum

532 2854 574 2883 Ut

530 2903 643 2934 faciunt

499 431 621 451 PAULUS
634 399 780 451 runnu-l
793 430 985 450 Tfltononus
1000 429 1041 449 DE

800 483 1035 503 RAGAzoNIBUS.

849 584 987 614 Venetiz's.

880 676 962 705 1495.

803 767 902 791 tamen

804 812 877 841 mire

804 861 887 901 ligna

806 910 911 939 nebule

806 960 886 989 deest

805 1016 858 1040 aut

806 1061 893 1090 bruto

805 1120 908 1149 presso

806 1161 889 1190 nives

805 1211 920 1251 gelidos

806 1261 907 1290 imbris

805 1323 821 1340 e
835 1320 927 1349 quora

806 1364 901 1388 matos

805 1409 963 1448 trabesque

804 1457 894 1488 fuerit

805 1509 1009 1548 peculantibus

807 1559 887 1588 auris

805 1610 922 1649 fragilis

807 1659 887 1688 deest

810 1710 903 1748 quue

808 1759 944 1789 voluntas

809 1809 1030 1850 planguentque

809 1859 889 1888 deest

809 1914 924 1939 motura

808 1960 913 1989 dentes

808 2020 825 2038 Θ
839 2019 960 2049 (ἶΟΓΡΟΓΕ
975 2020 991 2039 G
1004 2020 1063 2039 COs-

846 2069 917 2098 pore

808 2112 936 2137 tractum

809 2158 890 2188 auris

809 2209 940 2238 exierint

811 2263 921 2288 tremor

813 2309 947 2337 Maxime

811 2357 977 2386 dissiluisse

812 2406 927 2436 colecta

815 2455 892 2484 inter
905 2455 946 2485 sit

814 2509 952 2534 versante

813 2565 935 2594 corpore

814 2605 946 2644 praeterri
959 2615 1046 2644 crepo

813 2660 875 2684 turn

815 2704 966 2733 vensicula

816 2764 937 2794 parvum

816 2814 886 2842 qum

819 2854 861 2883 Ut

816 2903 930 2933 faciunt

898 2966 955 2995 Zz

1086 767 1148 792 tam

1087 813 1178 842 nubes

1088 862 1170 903 ligna

1088 912 1200 942 nebulae

1089 962 1169 991 deest

1090 1010 1170 1040 deest

1090 1061 1216 1100 abrupto

1090 1110 1184 1149 pressi

1090 1159 1173 1189 nives

1090 1210 1204 1250 gelidas

1090 1259 1209 1288 imbreis

1089 1319 1208 1348 aequora

1089 1368 1187 1388 muros

1088 1407 1259 1446 trabeisque

1092 1457 1164 1486 furit

1090 1506 1291 1546 petulantibus

1090 1557 1170 1586 auris

1091 1606 1207 1646 fragilis

1092 1656 1207 1686 sonitus

1093 1707 1129 1735 Id
1142 1716 1259 1745 quoque

1093 1756 1238 1786 volanteis

1092 1807 1312 1847 planguentque

1093 1857 1174 1887 deest

1093 1912 1175 1937 motu

1093 1957 1231 1986 radentes

1094 2017 1214 2046 corpore

1093 2110 1221 2136 tractum

1095 2156 1192 2185 aureis

1094 2206 1201 2236 exierit

1095 2260 1221 2285 tremere

1097 2305 1236 2334 Maxima

1095 2354 1268 2384 dissoluisse

1096 2403 1230 2433 conlecta

1096 2453 1215 2483 intorsit

1096 2503 1227 2532 versanti

1096 2564 1217 2593 corpore

1097 2602 1311 2643 perterricrepo

1096 2664 1111 2681 c
1116 2663 1161 2681 um

1098 2703 1244 2734 vessicula

1098 2755 1210 2794 pariter

1099 2814 1165 2834 cum

1101 2854 1143 2883 Et

1099 2903 1212 2934 faciunt

1534 253 1622 294 361

1378 404 1419 423 Ex
1429 404 1592 424 TYPOGRA-

1351 456 1430 476 PHIA
1445 458 1624 478 SOCIETATIS

1392 511 1586 531 BIPON'MNAE.

1421 582 1555 623 Biponti.

1450 674 1532 703 1782.

1371 763 1434 788 tarn

1371 809 1463 839 nubes

1371 858 1457 898 tigna

1373 907 1486 938 nebulae

1373 962 1426 988 aut

1373 1006 1454 1036 deest

1373 1057 1500 1096 abrupto

1374 1117 1484 1146 pressae

1375 1156 1470 1186 niveis

1374 1206 1489 1246 gelidas

1375 1256 1494 1286 imbreis

1374 1317 1494 1345 aequora

1375 1356 1468 1384 malos

1374 1405 1544 1445 trabeisque

1375 1455 1448 1485 furit

1376 1506 1580 1546 petulantibus

1378 1557 1468 1586 Euris

1376 1604 1509 1645 fragileis

1376 1655 1493 1685 sonitus

1381 1705 1416 1734 Id
1430 1715 1546 1744 quoque

1376 1756 1522 1785 volanteis

1376 1806 1580 1846 planguntque

1378 1865 1412 1885 ut

1377 1912 1457 1937 motu

1378 1958 1515 1987 radentes

1378 2006 1503 2046 corpori’

1380 2110 1508 2136 tractum

1380 2155 1477 2186 aureis

1380 2205 1486 2235 exierit

1380 2260 1506 2284 tremere

1382 2305 1519 2334 Maxima

1380 2357 1546 2386 dissiluisse

1381 2406 1516 2436 conlecta

1381 2456 1499 2485 intorsit

1380 2506 1512 2536 versanti

1380 2566 1501 2595 corpore

1380 2606 1594 2646 perterricrepo

1380 2666 1446 2685 cum

1383 2705 1527 2736 Vesicula

1383 2756 1495 2795 pariter

1383 2816 1449 2835 cum

1384 2857 1445 2886 Cur

1383 2904 1496 2934 faciant
