1967 3314
588 276 808 325 LIBRI
856 274 1097 324 SEXTI.
1488 279 1582 326 373

1329 430 1371 449 Ex
1384 430 1548 452 TYPOGRA-

196 487 397 512 FERRANDUS.
1093 488 1205 508 ALDUS,
1302 483 1379 503 PHIA
1396 483 1574 506 SOCIETATIS

515 512 650 532 PERGER.
752 512 986 533 RAGAZONIBUS.

1344 536 1536 557 BIPONTINAE.
1588 552 1594 557 .

1090 612 1193 641 Veneti
1195 613 1227 642 is.

1343 584 1508 647 “biponta

803 613 940 643 Venetiis.

519 617 650 648 Veronae.

830 707 917 735 1495.
1402 702 1486 731 1782.

1323 789 1472 819 Praeterea

1322 839 1418 869 fluviis

1324 889 1399 922 Quae

1322 939 1434 969 halitus

1323 989 1427 1018 coelum

1325 1037 1402 1067 altas

1326 1087 1428 1116 nubeis

1036 1139 1237 1169 conveniundo
1325 1137 1525 1167 conreniundo

1037 1193 1140 1228 surget
1326 1185 1424 1225 Urget

1036 1249 1154 1277 quoque
1325 1246 1441 1275 quoque

1039 1289 1153 1318 nimbus
1326 1285 1432 1315 nimbis

1039 1337 1145 1367 caelum
1329 1333 1433 1362 coelum

1040 1388 1092 1417 illa
1326 1382 1378 1411 illa

1041 1449 1106 1477 quae
1326 1442 1392 1470 quae

1041 1488 1144 1517 nubeis
1326 1482 1429 1512 nubeis

1043 1537 1214 1576 nimbosque
1326 1532 1498 1572 nimbosque

1042 1586 1186 1615 volanteis
1328 1581 1470 1610 rolanteis

753 792 901 822 Praeterea

751 842 848 872 fluviis

752 892 829 926 Quae

753 943 791 972 ali
796 948 844 972 tus

753 992 854 1021 caelum

754 1041 831 1071 altas

753 1090 838 1120 nubis

753 1140 954 1170 conveniundo

755 1190 864 1230 Surget

753 1240 834 1269 deest

755 1290 869 1329 nymbis

755 1339 860 1368 caelum

755 1389 798 1418 illi

755 1450 820 1478 quae

757 1488 842 1517 nubis

756 1538 936 1577 nymbosque

757 1585 884 1616 volantis

469 796 618 826 Praeterea

468 845 564 875 fluviis

468 894 533 928 Que

468 941 559 973 alitus

470 992 571 1023 caelum

470 1041 548 1071 altas

470 1091 555 1120 nubis
587 1109 591 1112 -

470 1139 672 1170 conveniundo

186 1139 384 1170 conveniendo

189 1190 284 1230 Urget

185 1249 303 1279 quoque

186 1288 292 1318 nimbis

186 1339 288 1368 caelum

186 1388 231 1417 illi

185 1449 251 1477 quae

186 1489 272 1518 nubis

187 1537 358 1576 nimbosque

187 1585 315 1614 volantis

188 1645 388 1675 summamque

189 1689 353 1724 cunctaque

189 1733 353 1764 mobilitate

191 1782 422 1812 Immemorabile

188 1832 270 1862 deest
287 1870 291 1874 .

190 1883 294 1912 mirum
307 1887 355 1912 est

189 1932 310 1972 magnis*

189 1981 297 2010 montis

190 2030 319 2059 tenebrae

189 2079 349 2118 Coperiant

189 2131 284 2158 terras

188 2188 314 2219 superne

191 2228 329 2267 Undique
343 2236 347 2239 '

191 2278 308 2316 qua-ndo
320 2277 436 2318 quidem

192 2337 281 2356 cavas

191 2377 286 2405 omnis

192 2424 325 2454 redditus

191 2478 276 2503 extat

192 2527 364 2553 concrescat

191 2570 333 2601 dimissus

193 2625 327 2651 crescete

193 2674 320 2709 utruque

193 2720 280 2750 nubis

192 2774 224 2800 et

193 2830 374 2859 quaecunque

194 2873 278 2900 extat

471 1533 651 1573 nymbosque

472 1582 600 1612 volantis

472 1642 643 1671 summaque

473 1686 639 1721 cunctaque

474 1730 665 1761 mobilitetem

475 1780 700 1810 Inmemorabile

474 1829 555 1859 deest

473 1878 608 1909 mirumst

473 1930 589 1969 maguis

473 1979 581 2008 montis

472 2029 594 2059 tenebre

475 2079 664 2119 Comperiant

474 2129 561 2159 terris

474 2188 608 2218 supemae

476 2228 555 2257 Undi

477 2279 595 2318 quando
605 2279 721 2318 quidem

475 2339 582 2358 caveas

476 2379 570 2407 omnis

479 2427 611 2456 redditur

477 2479 563 2504 extat

478 2530 595 2554 crescat

479 2573 618 2603 dimissus

479 2633 612 2652 crescere

479 2676 627 2711 utrunque

479 2719 565 2749 nubis

478 2773 512 2798 ut

479 2829 653 2859 quecunque

478 2872 563 2898 extat

479 2922 528 2948 est

1043 1646 1243 1676 summamque
1327 1641 1526 1671 summamque

1043 1690 1210 1724 quantaque
1327 1685 1495 1719 quantaque

1044 1735 1208 1765 mobilitate
1329 1728 1491 1758 mobilitate

1046 1784 1276 1815 Immemorabile
1331 1779 1563 1809 Immemffl‘abile

1043 1840 1104 1863 tum
1328 1837 1379 1867 per

1043 1883 1178 1913 mirumst
1327 1878 1473 1909 mirum’st

1043 1943 1165 1973 magnos
1328 1938 1450 1968 magnos

1043 1982 1169 2012 monteis
1327 1978 1453 2007 monteis

1044 2031 1173 2060 tenebrae
1328 2026 1458 2055 tenebrae

1044 2082 1221 2121 Cooperiant
1329 2074 1506 2113 Coolaeriant

1044 2136 1139 2160 terras
1328 2128 1424 2152 terras

1043 2191 1170 2221 superne
1329 2183 1454 2212 superne

1046 2231 1183 2270 Undique
1333 2223 1468 2262 Undique

1045 2279 1279 2318 quandoquidem
1327 2273 1560 2313 quandoquidem

1046 2328 1146 2357 caulas
1328 2323 1429 2354 caulas

1045 2378 1156 2407 omneis
1329 2373 1440 2402 omneis

1046 2426 1179 2456 redditus
1330 2423 1462 2452 redditus

1045 2481 1129 2505 extat
1329 2477 1430 2502 exstat

1046 2529 1215 2555 concrescat
1329 2527 1498 2553 concrescat
1516 2551 1518 2554 .

1047 2574 1186 2604 dimissus
1330 2571 1475 2601 demissus

1048 2633 1179 2652 crescere
1331 2632 1463 2651 crescere

1049 2677 1194 2710 utrunque
1332 2676 1472 2710 utrasque

1050 2720 1153 2750 nubeis
1334 2720 1436 2749 nubeis

1050 2773 1082 2798 et
1189 2773 1194 2778 “
1334 2774 1366 2799 et

1051 2829 1235 2860 quaecunque
1335 2830 1515 2860 quaecunque

1051 2872 1136 2899 extat
1334 2875 1435 2901 exstat

1051 2917 1131 2948 deest
1335 2924 1384 2950 est

758 1645 928 1675 summaque

758 1689 923 1721 cunctaque

758 1734 950 1765 mobilitetem

759 1785 982 1815 Inmemorabile

700 1855 704 1858 »
758 1832 838 1863 deest

758 1885 892 1914 mirumst

758 1934 873 1973 magnis

759 1983 866 2012 montis

758 2033 879 2063 tenebre

760 2080 948 2120 Comperiant

759 2130 846 2160 terris

759 2190 896 2219 supernae

761 2228 840 2258 Undi

760 2278 877 2317 quando
890 2279 1005 2317 quidem

761 2338 868 2356 caveas

760 2377 854 2405 omnis

761 2425 894 2454 redditur

763 2478 849 2503 extat

762 2527 878 2552 crescat

763 2571 903 2601 dimissus

764 2629 898 2650 crescere

765 2675 911 2709 utrunque

720 2753 722 2755 ¹
765 2719 866 2748 nubis·

765 2773 800 2798 ut

766 2828 938 2858 quecunque

766 2872 851 2897 extat

766 2922 814 2948 est
