1967 3314
94 1028 168 1054 1154

93 1176 166 1202 1155

92 1321 166 1350 1156

92 1423 166 1452 1157

94 1520 167 1547 1158

94 1622 168 1652 1159

94 1821 169 1850 1160

93 2020 164 2048 1161

94 2315 169 2343 1162

97 2517 170 2545 1163

95 2665 169 2694 1165

96 2813 170 2843 1166

231 370 434 392 FERRANDUS.

264 493 397 523 Brixiae.

237 583 310 612 Sine
322 584 422 612 Anno.

214 673 336 704 irrident

215 723 351 763 placeant

215 772 391 803 afflictentur

217 822 316 862 Nigra

216 872 272 902 mel
287 883 353 903 crus

217 924 364 954 immunda

216 984 348 1004 acosmos

216 1023 304 1052 Cesia

215 1072 375 1113 palladium

215 1124 341 1154 dorchas

217 1172 346 1202 Parvula

215 1221 335 1260 pumillo

214 1270 407 1301 charitonnua

214 1320 319 1350 imanis

215 1370 400 1410 cathaplexis

216 1421 333 1450 traulizi

215 1474 297 1499 muta

216 1520 318 1550 odiosa

217 1569 392 1609 lampadium

219 1618 358 1648 Isclimon

216 1669 382 1699 eromenion

216 1718 251 1749 fit

216 1780 281 1799 cum

218 1819 377 1849 Praemacie

216 1869 339 1899 rhadine

216 1930 285 1949 vero
297 1923 345 1949 est

215 1969 309 1998 tussis

216 2118 333 2148 mannio

216 2178 299 2198 sacer

216 2221 264 2246 est

217 2264 304 2294 iacho

217 2314 312 2344 silena

218 2368 321 2393 satura
333 2367 381 2393 est

219 2411 330 2442 lalcosa

219 2461 349 2500 philema

218 2511 325 2540 Cetera

218 2561 336 2600 longum
349 2563 397 2589 est

219 2611 249 2640 id

218 2660 274 2689 Cui

215 2712 267 2751 jus

218 2760 368 2790 exoriatur

220 2810 337 2850 Nempe

221 2873 304 2905 VoL.
321 2873 384 2904 IV.

581 156 796 207 LIBRI
843 155 1161 214 QUARTI.

479 339 600 360 PAULUS
616 339 750 360 FRIDEN-
773 337 963 358 THEODORUS
978 337 1018 356 DE

544 394 680 415 PERGER..

543 497 673 528 Veronae.

576 588 660 615 1486.

495 675 623 705 inrident

494 725 631 765 placeant

495 775 672 805 afflictantur

498 823 617 864 Nigura

496 873 553 902 mel
567 878 662 903 tetrus

498 922 527 951 in
541 924 649 953 munda

498 983 630 1003 acosmos

499 1023 599 1053 Caesia

498 1073 656 1113 palladium

498 1124 624 1153 dorcans

500 1174 629 1204 Parvula

499 1223 619 1263 pumillo

499 1273 692 1301 charitonnua

499 1321 529 1350 in
542 1320 637 1350 manis

499 1369 687 1410 cathaplexis

499 1419 618 1450 traulim

500 1470 583 1501 imita

499 1520 566 1549 odio

501 1569 667 1609 lampadum

502 1618 640 1649 Isclimon

500 1669 665 1698 eromenion

500 1717 534 1747 fit

500 1778 568 1806 qum

501 1817 660 1847 Praematie

499 1867 623 1896 rhadine

501 1920 600 1944 verost

501 1964 597 1994 cussis

501 2014 610 2044 lavima

499 2070 530 2092 et

499 2114 616 2144 mannio

498 2175 582 2194 sacer

499 2219 546 2244 est

499 2264 585 2294 iacho

499 2312 593 2342 silena

498 2367 630 2393 Saturast

502 2412 612 2442 lalcosa

500 2461 628 2500 philema

501 2511 620 2542 Caetera

500 2561 618 2602 longum
631 2567 678 2592 est

501 2722 546 2741 ms

500 2763 675 2792 exhortatur

502 2812 639 2852 Nemque

779 392 1012 413 RAGAzoNIBUS.

825 493 962 523 Venetiz's.

859 584 941 613 1495.

779 673 908 704 inrident

780 721 917 761 placeant

779 772 958 803 afflictantur

780 821 900 862 Nigura

779 872 836 900 mel
853 877 949 902 tetrus

782 922 810 951 iu
824 923 932 952 munda

781 983 914 1002 acosmos

782 1022 878 1052 Caesia

781 1072 943 1112 palladium

781 1122 906 1152 dorcans

784 1170 912 1201 Parvula

783 1222 902 1261 pumillo

782 1272 976 1302 charitonnua

782 1320 812 1349 in
826 1321 920 1350 manis

783 1370 967 1410 cathaplexis

782 1421 900 1450 traulim

782 1470 866 1500 inuta

782 1520 850 1550 odio

784 1569 948 1609 lampadum

784 1618 924 1648 Isclimon

782 1669 948 1698 eromenion

783 1718 818 1747 fit

782 1778 850 1806 qum

785 1817 944 1848 Praematie

782 1868 904 1897 rhadine

782 1922 882 1947 verost

781 1968 877 1997 cussis

785 2016 892 2046 lavinia

784 2070 815 2095 et

782 2118 899 2147 mannio

781 2177 865 2196 sacer

781 2221 828 2246 est

782 2266 868 2295 iacho

781 2315 875 2344 silena

780 2368 912 2394 Saturast

782 2413 892 2443 lalcosa

784 2463 912 2502 philema

783 2513 898 2543 Caetera
952 2532 955 2535 >

782 2563 900 2603 longum
914 2568 961 2593 est

1121 370 1232 390 ALDUS.

1114 495 1251 526 Venetiis.

1139 588 1152 613 1
1158 588 1223 614 500.

1064 671 1192 702 inr1dent

1066 721 1202 760 placeant
1214 752 1215 755 ,

1064 770 1242 802 afflictantur

1067 818 1166 858 Nigra

1064 880 1227 911 μῑλόινχξους

1065 920 1213 951 immunda

1064 985 1179 1008 oezomog

1066 1019 1166 1049 Caesia

1064 1073 1205 1099 πωλλκδιον

1065 1122 1157 1156 δομοις

1066 1168 1186 1205 parvula

1065 1218 1186 1256 pumilio

1065 1267 1231 1297 charitonia

1066 1315 1201 1346 immanis

1065 1372 1229 1401 καταπληξις

1066 1419 1188 1454 τςσιυλιζει

1066 1469 1149 1494 muta.

1066 1513 1168 1544 odiosa

1066 1567 1214 1600 λαμπαδιον

1065 1625 1148 1649 mxime

1067 1674 1194 1700 εςωμαινιον

1065 1712 1107 1741 sit

1067 1773 1132 1791 cum

1068 1811 1138 1841 Prae
1151 1814 1244 1843 macie

1065 1867 1150 1901 ῥοιδκνη

1066 1919 1167 1944 verost

1064 1964 1156 1993 tussit

1066 2013 1186 2043 lamiast

1065 2063 1146 2093 deest

1065 2114 1197 2145 maniosa

1065 2165 1152 2195 deost

1065 2220 1146 2244 certe

1065 2265 1151 2294 iacho

1064 2322 1149 2347 σιλῆνη

1065 2368 1198 2394 satura-st

1065 2421 1184 2443 λαλουσω

1067 2473 1157 2499 ctiam-n

1067 2514 1187 2543 Caetera

1068 2564 1218 2603 longumst

1068 2613 1097 2642 id

1068 2663 1115 2692 cui

1069 2713 1113 2742 vis

1068 2764 1217 2794 exoriatur

1070 2812 1186 2853 Nempe

1524 167 1619 207 305

1359 315 1376 334 Ε
1382 316 1400 334 Χ
1411 317 1574 339 TYPOGRA.

1330 369 1406 389 PHIA
1423 370 1602 393 socmTA‘rls

1369 424 1563 446 BIPONTINAE.

1392 493 1528 534 Bipontz'.

1426 586 1439 612 1
1444 586 1507 616 782.

1349 669 1478 700 inrident

1347 717 1465 758 placent

1348 767 1539 801 adflictantur

1351 816 1450 858 Nigra

1347 879 1480 909 μελικςοος

1350 918 1500 950 immunda

1348 983 1465 1006 ακοσμος

1350 1017 1446 1048 Caesia

1347 1072 1489 1098 παλλαὸιον

1349 1120 1440 1155 δοξκαις

1348 1165 1476 1197 Parvola

1348 1216 1469 1254 pumilio

1349 1278 1458 1302 χαξίῗων
1476 1280 1506 1295 lx

1348 1312 1483 1344 immanis

1348 1369 1510 1399 κοντωπληξμς

1350 1416 1473 1451 τςοιυλιζει

1350 1466 1433 1492 muta

1348 1511 1451 1541 odiosa

1350 1566 1497 1597 λαμπαδων

1350 1625 1434 1648 ισχνον

1350 1674 1469 1699 egeas-certor

1351 1709 1385 1739 fit

1350 1770 1437 1799 quom

1350 1809 1417 1839 Prae
1436 1811 1528 1841 macie

1350 1864 1435 1899 ῥαιδινη

1349 1920 1418 1939 vero
1431 1914 1479 1939 est

1349 1960 1426 1989 tussi

1349 2010 1468 2050 gemina

1350 2065 1381 2090 et

1350 2121 1511 2140 mammosa

1352 2160 1442 2190 Ceres

1350 2216 1398 2240 est

1352 2260 1460 2289 Iaccho

1349 2319 1434 2343 σιληνη

1349 2360 1493 2399 satyra'st

1351 2410 1464 2441 labiosa

1351 2468 1453 2496 φ’λῆμω

1351 2510 1459 2539 Cetera

1349 2561 1511 2601 longum’st

1354 2611 1380 2640 si

1351 2662 1429 2697 Quoi

1354 2714 1396 2742 vis

1350 2763 1500 2794 exoriatur

1350 2814 1467 2854 Nempe
