1967 3314
595 252 805 302 LIBRI
848 251 1141 301 TERTIL
1518 264 1607 303 251

475 435 596 454 munus
612 436 744 456 riunen-
769 434 965 455 THEonomrs
981 435 1021 454 nn
1354 412 1394 431 Ex
1407 412 1571 433 TYPOGRA'

227 465 428 486 mansimus.
778 488 1003 509 RAGAZOWBUS
1127 467 1241 487 Annus.
1328 465 1405 484 rmA
1422 465 1603 487 socnz‘rivris

910 499 919 508 Δ
1005 501 1011 508 ’
1370 518 1564 539 mros'rns‘ae.

825 591 858 620 V
856 589 968 621 metiis,
1115 590 1250 620 Venetiz's.
1399 587 1533 629 Biponti.

115 639 157 668 V.
1046 651 1316 660 *ἡ

859 682 940 711 1495.
1144 678 1225 707 1500.
1427 682 1508 711 1782.

108 777 167 805 663
214 768 353 798 Volucris
373 790 376 795 ι
495 768 636 800 Voiucris
780 768 921 799 Volucris
1066 763 1206 794 volneris
1349 767 1490 797 Volueris

109 827 167 855 664
213 817 273 848 illis
495 819 554 849 illis
780 818 839 849 illis
1066 817 1114 846 ills
1349 816 1408 846 illis

109 877 167 908 667
213 866 309 898 divisa
322 872 369 898 est
496 870 592 900 divisa
604 875 654 900 est
780 868 878 898 divisa
889 873 937 898 est
1066 865 1192 895 divisast
1347 867 1486 897 divisa'st

109 927 167 955 668
214 923 392 958 quapropter
497 930 555 959 qua
568 925 689 959 propter
782 929 840 957 qua
852 923 974 958 propter
1065 920 1245 956 quapropter
1349 922 1529 957 quapropter

214 973 373 1008 utrumque
497 974 653 1008 utrumque
782 974 940 1007 utrumque
1067 973 1214 1005 utrunque
1349 971 1505 1005 utrumque

214 1019 375 1058 putandum
391 1023 438 1048 est
498 1018 662 1058 putandum
672 1023 721 1049 est
782 1017 944 1057 putandum
954 1022 1001 1048 est
1066 1015 1259 1054 putandumst
1349 1016 1555 1055 putandum'st

110 1075 168 1106 669
214 1074 314 1109 partes
498 1073 599 1109 partes
783 1071 883 1106 partes
1067 1064 1178 1104 parteis
1349 1065 1462 1104 parteis

213 1119 369 1148 disciditur
498 1118 673 1148 discinditur
783 1115 959 1146 discinditur
1066 1114 1241 1144 discinditur
1350 1115 1525 1146 discinditur

110 1175 169 1206 670
216 1167 357 1198 Preterea
499 1167 649 1197 Praeterea
785 1165 935 1195 Praeterea
1068 1164 1218 1194 Praeterea
1352 1164 1503 1194 Praeterea

214 1217 356 1248 imortalis
498 1216 670 1246 immortalis
783 1215 918 1245 mortalis
1066 1213 1238 1243 immortalis
1351 1213 1524 1244 immortalis

214 1272 321 1297 natura
784 1269 899 1294 natura
1067 1267 1173 1292 natuta
1350 1268 1457 1293 natura

109 1323 167 1355 572
215 1317 288 1346 Cum
1068 1311 1128 1340 Cur
1352 1313 1412 1341 Cur

204 1377 292 1406 super
302 1370 469 1396 anteactam
489 1369 648 1405 superante
658 1369 755 1395 actam
774 1368 932 1402 superante
943 1368 1040 1394 actam
1042 1364 1217 1421 superante
1226 1364 1323 1389 actam
1342 1372 1431 1401 super
1440 1365 1607 1391 anteactam

214 1415 467 1451 678.1nteriisse;
499 1418 566 1449 678.
601 1416 754 1445 Inter-isse.
785 1414 852 1445 678.
868 1398 1047 1454 Ιῐιῖετῦεεεςῖ
1068 1411 1136 1442 678.
1152 1409 1323 1444 Interiisse3

244 1470 287 1499 et,
308 1476 373 1504 quae
394 1475 469 1494 nunc
530 1470 573 1500 et,
595 1476 663 1505 quae
680 1476 755 1495 nunc
815 1467 858 1497 et,
880 1473 949 1502 quae
964 1440 1048 1495 nunci
1100 1464 1142 1494 et,
1164 1470 1230 1498 quae
1248 1470 1325 1488 nunc

244 1519 304 1550 est,
317 1525 395 1544 nunc
404 1525 470 1544 esse
529 1519 588 1550 est,
602 1525 680 1545 nunc
691 1525 757 1544 esse
814 1518 874 1548 est,
888 1523 964 1543 nunc
975 1524 1042 1542 esse
1099 1515 1157 1544 est,
1171 1520 1248 1538 nune
1258 1520 1325 1538 esse

246 1568 387 1594 creatum.
531 1569 669 1595 creatam.
814 1568 953 1593 creatam.
1098 1564 1237 1589 creatam-

110 1619 168 1650 674
215 1617 370 1653 tantopere
381 1613 470 1643 animi
499 1619 585 1644 tanto
595 1625 683 1654 opere
693 1615 756 1644 ani·
785 1617 871 1642 tauto
879 1622 967 1651 opere
979 1613 1042 1642 am'-
1069 1614 1224 1650 tantopere
1242 1610 1306 1639 ani·
1355 1612 1552 1650 tontopere'st
1565 1621 1597 1640 a·

249 1668 297 1692 est
532 1663 604 1694 mist
820 1662 891 1691 mist
1101 1661 1172 1691 mist
1388 1660 1459 1689 nimi

216 1717 331 1742 mutata
499 1716 616 1742 mutata
785 1716 901 1741 mutata
1070 1711 1175 1741 vitiata
1354 1714 1468 1739 mutata

111 1769 169 1800 675
217 1761 354 1791 Omnium
501 1762 638 1791 Omnium
787 1760 924 1790 Omnium
1069 1762 1197 1791 omnium
1355 1760 1459 1789 Omnis

112 1818 170 1849 676
216 1812 254 1842 ab
268 1812 340 1842 laeto
501 1811 600 1841 ableto
787 1810 887 1839 ableto
1071 1813 1109 1842 ab
1123 1812 1184 1843 leto
1355 1810 1392 1838 ab
1403 1809 1485 1839 letho

216 1861 334 1902 longius
500 1861 617 1901 longius
786 1859 904 1899 longius
1070 1862 1188 1902 longius
1355 1859 1483 1899 long-iter

112 1917 170 1948 677
217 1912 406 1951 Quapropter
500 1911 567 1946 Qua
580 1916 701 1951 propter
787 1909 854 1943 Qua
867 1913 989 1949 propter
1072 1912 1261 1952 Quapropter
1355 1909 1544 1948 Quapropter

217 1972 339 1990 necesse
352 1966 400 1990 est
502 1966 654 1992 necessest
787 1964 941 1989 necessest
965 1989 985 2000 l
1072 1967 1225 1992 necessest
1356 1957 1520 1987 necesse'st

111 2017 170 2048 678
219 2011 362 2041 Interisse
503 2010 647 2041 Interisse
788 2008 933 2038 Interisse
1072 2011 1226 2041 Interiisse
1356 2007 1512 2036 Interiisse

111 2066 171 2094 680
215 2062 305 2092 solita
316 2060 407 2091 animi
418 2065 464 2091 est
502 2061 592 2091 solita
604 2062 725 2091 animist
785 2057 875 2087 solita
887 2057 1010 2087 animist
1071 2061 1191 2091 solitast
1203 2061 1293 2091 animi
1355 2056 1487 2086 solita'st
1497 2055 1587 2085 animi

216 2112 320 2142 innata
502 2112 604 2141 vivata
787 2109 889 2138 vivata
1070 2111 1172 2141 vivata
1353 2106 1455 2136 vivata

112 2164 168 2192 681
217 2172 284 2191 cum
502 2172 571 2201 qum
787 2169 855 2198 qum
1071 2172 1136 2191 cum
1355 2167 1421 2186 cum

217 2211 380 2250 gignuntur
502 2211 651 2252 gignimur
786 2208 938 2249 gignimur
1071 2210 1222 2251 gignimur
1356 2206 1506 2248 gignimur

219 2261 307 2290 limen
502 2261 610 2291 lumine
787 2257 885 2288 lumen
1071 2260 1169 2289 lumen
1355 2257 1445 2286 limen

220 2310 327 2340 inimus
502 2311 532 2340 in
546 2311 622 2341 imus
787 2307 817 2336 in
830 2308 906 2337 imus
1031 2324 1033 2327 f
1072 2309 1179 2339 inimus
1356 2306 1463 2336 inimus

114 2362 173 2389 686
221 2370 316 2400 neque
503 2371 599 2400 neque
788 2369 883 2398 neque
1073 2369 1168 2398 neque
1357 2367 1411 2386 nec

221 2409 382 2449 putandum
396 2415 445 2440 est
503 2410 696 2449 putandumst
774 2409 983 2448 «putandumst
1073 2408 1266 2448 putandumst
1359 2405 1564 2446 putandum'st

115 2461 172 2492 687
223 2459 364 2500 Expertis
506 2460 555 2488 Ex
569 2461 662 2500 pertis
791 2459 839 2487 Ex
853 2458 947 2498 partis
1075 2458 1237 2497 Experteis
1360 2455 1521 2495 Experteis

222 2508 274 2538 leti
505 2509 549 2539 uti
789 2508 834 2538 uti
1074 2506 1127 2536 leti
1359 2505 1433 2535 lethi

222 2559 335 2589 solutas
505 2560 610 2590 solitas
789 2557 904 2587 solutas
1074 2557 1188 2587 solutas
1359 2554 1472 2586 solutas

113 2610 173 2638 688
220 2614 376 2649 tantopere
504 2614 591 2639 tanto
603 2619 691 2649 opere
790 2611 876 2637 tanto
887 2617 976 2647 opere
1074 2611 1229 2647 tantopere
1357 2609 1514 2644 tantopere

220 2659 383 2698 putandum
398 2663 446 2688 est
506 2660 699 2699 putandumst
791 2658 985 2698 putandumst
1075 2658 1267 2698 putandumst
1358 2652 1565 2695 putandum'st

114 2709 170 2740 691
221 2708 302 2738 Nam
316 2719 382 2748 quae
507 2709 587 2740 Nam
601 2719 668 2749 quae
793 2708 874 2738 Nam
888 2719 954 2748 quae
1076 2707 1206 2747 Nanque
1361 2704 1499 2742 Namque

220 2768 354 2789 connexa
364 2762 411 2788 est
507 2770 640 2789 connexa
652 2763 700 2789 est
792 2769 926 2788 connexa
938 2762 986 2789 est
1074 2767 1215 2787 connexae
1359 2752 1534 2784 connexa'st

115 2808 174 2838 692
221 2817 336 2847 quoque
506 2819 622 2849 queque
792 2819 908 2848 queque
1076 2817 1193 2846 quoque
1360 2813 1477 2843 quoque

116 2857 174 2888 693
222 2856 348 2888 Morbus
508 2857 664 2889 Morbibus
795 2858 952 2889 Mon-bibus
1078 2856 1205 2887 Morbus
1363 2853 1490 2884 Morbus

222 2906 351 2947 stringor
507 2907 587 2938 deest
793 2908 873 2940 deest
1077 2906 1159 2937 deest
1363 2904 1443 2934 deest
