1967 3314
350 259 446 300 294

644 248 1100 298 VARIANTES
1146 249 1590 302 LECTIONES

495 465 696 486 FERRANDUS.

528 589 656 619 Brixiae.

749 432 868 452 PAULUS
879 431 1016 452 mumm—
1044 432 1237 454 THEODORUS
1255 432 1301 452 DE

505 677 578 708 Sine
590 679 688 708 Anno.

483 782 547 812 quae

482 832 550 862 quae

483 881 552 910 quae
564 881 597 901 se

481 921 611 951 suturam

484 979 629 1009 quamque

484 1028 550 1047 cum

485 1068 586 1098 tenuia

484 1129 549 1158 quae

484 1172 555 1198 sunt

566 1221 624 1247 803

482 1271 624 1308 ceperunt

483 1321 627 1347 semotum

483 1367 574 1396 suerit

484 1422 626 1447 remotum

483 1467 587 1496 mirum
601 1471 649 1496 est

483 1522 583 1546 cetera

485 1567 626 1596 Preterea

482 1616 595 1646 frustra
608 1615 693 1645 nimis

483 1675 541 1694 non

483 1714 592 1744 femina

483 1775 549 1804 quae

483 1819 555 1844 tunc

482 1865 563 1895 deest
575 1875 681 1895 versus

482 1915 513 1945 in
525 1925 593 1945 esse

482 1965 607 1994 multare
620 1975 688 2004 quae

482 2067 698 2103 premetuemur

481 2275 548 2295 cum

481 2315 567 2345 datas
581 2319 706 2354 utraque

481 2425 634 2455 possemus

481 2475 548 2504 quae

483 2515 600 2544 Caetera

482 2574 667 2604 quaecunque

482 2618 644 2656 praetantur

482 2668 656 2704 prepostera

484 2713 570 2744 Nihil

483 2763 549 2792 ideo

483 2821 548 2840 cum

483 2866 583 2891 natum
595 2867 642 2892 est

483 2915 584 2942 natum
598 2917 645 2943 est

816 486 952 506 renota.
1046 487 1282 508 nAcAzomnus.

811 590 941 619 Veronae.
1095 593 1233 623 Venetiis.

844 681 926 710 1486.
1127 690 1207 718 1495.

767 781 825 809 que
1049 783 1115 812 quae

767 830 824 858 que
1050 834 1116 862 quae

767 879 825 907 que
839 879 877 898 ex
891 880 923 899 se
1050 884 1115 913 quae
1127 884 1160 903 se

767 917 895 948 futuram
1049 923 1179 952 futuram

768 978 914 1008 quamque
1050 981 1196 1010 quamque

769 1028 834 1048 cum
1051 1030 1117 1049 cum

769 1071 859 1098 tenua
1051 1074 1141 1100 tenua

769 1127 826 1156 que
1052 1130 1118 1158 quae

768 1171 839 1197 sunt
1052 1173 1122 1199 sunt

851 1222 909 1248 803
1134 1224 1191 1250 803

768 1273 911 1308 ceperunt
1052 1275 1194 1310 oeperunt

768 1322 913 1347 semotum
1052 1325 1196 1349 semotum

768 1366 858 1397 fuerit
1052 1368 1141 1399 fuerit

768 1422 912 1446 remotum
1054 1427 1196 1458 remotum

769 1466 873 1496 mirum
887 1472 935 1497 est
1054 1468 1157 1498 mirum
1171 1473 1217 1498 est

769 1522 881 1547 caetera
1051 1523 1163 1548 caetera

771 1567 924 1597 Praeterea
1054 1568 1207 1599 Praeterea

769 1617 881 1647 frustra
890 1617 986 1647 minus
1050 1617 1163 1648 frustra
1175 1619 1270 1648 minus

770 1677 823 1697 nos
1053 1678 1106 1698 uos

770 1718 888 1748 foemina
1051 1717 1171 1748 foemina

769 1780 827 1809 que
1052 1780 1119 1809 quae

769 1825 823 1850 tun
1053 1824 1106 1849 tun

769 1870 848 1900 deest
860 1880 965 1900 versus
1052 1869 1133 1898 deest
1144 1879 1249 1899 vers-us

769 1922 867 1951 inesse
1052 1919 1150 1949 inesse

762 1970 885 2000 multare
897 1969 1022 1999 multare
1045 1967 1171 1997 multare
1183 1967 1305 1998 multare

796 2031 854 2060 que
1081 2027 1146 2056 quae

767 2074 995 2108 praemetuentur
1051 2072 1283 2107 praemetuentur

767 2129 804 2147 uc
1052 2127 1088 2146 uc

769 2171 834 2198 820.
857 2178 893 2197 ne
911 2179 946 2197 ve
1053 2171 1119 2196 820.
1141 2177 1177 2196 ue
1196 2178 1231 2196 ve

768 2218 896 2258 vestigia
1052 2216 1181 2256 vestigia

768 2279 835 2297 cum
1052 2277 1118 2297 cum

769 2318 913 2358 datasque
941 2324 1023 2349 utra·
1052 2318 1199 2357 datasque
1227 2322 1308 2347 utra-

803 2378 860 2407 que
1084 2378 1142 2407 que

770 2427 923 2456 possemus
1053 2428 1206 2457 possemus

769 2476 826 2505 que
1052 2478 1121 2506 quae

769 2516 886 2546 Caetem
1053 2518 1169 2547 Caetera

769 2576 942 2606 quecunque
1051 2578 1231 2608 quaecunque

769 2621 927 2656 precantur
1051 2623 1210 2657 precantur

768 2671 939 2706 prepostera
1051 2671 1224 2706 prepostera

770 2714 858 2745 Nihil
1055 2715 1143 2745 Nihil

767 2764 834 2795 ideo
1050 2767 1117 2797 ideo

767 2825 833 2844 cum
1050 2827 1116 2847 cum

768 2870 869 2895 natum
882 2870 930 2896 est
1050 2871 1152 2897 natum
1166 2872 1214 2898 est

768 2918 869 2945 natum
878 2920 926 2946 est
1053 2920 1154 2947 natum
1165 2919 1213 2947 est

1394 467 1510 488 Alanus.

1381 592 1519 623 venetiis.

1410 688 1494 714 1500.

1332 784 1397 812 qnae

1331 834 1397 862 quae

1333 883 1400 912 quae
1413 883 1450 902 ex
1464 883 1530 902 sese

1332 921 1459 951 futuram

1333 981 1470 1010 quanque

1335 1031 1401 1050 cum

1335 1076 1425 1100 tenua

1335 1131 1403 1159 quae

1335 1174 1406 1200 sunt

1337 1275 1486 1310 coeperunt

1337 1326 1481 1351 semotum

1337 1371 1352 1400 f
1351 1372 1427 1401 uerit

1337 1426 1479 1451 remotum

1336 1471 1471 1501 mirumst

1337 1526 1444 1551 caetera

1339 1571 1451 1600 Praeter

1336 1619 1514 1650 frustramur
1523 1619 1553 1648 id

1337 1679 1393 1698 non

1336 1719 1454 1749 soemina

1336 1779 1404 1809 quae

1336 1824 1406 1849 tunc

1336 1871 1422 1905 Quod
1437 1881 1472 1900 ne
1484 1870 1541 1900 ἃς.

1336 1920 1433 1950 inesto

1336 1970 1489 2009 vitareque

1336 2071 1572 2110 praemeditemur

1337 2125 1371 2150 ut

1338 2180 1373 2199 ne

1338 2219 1464 2259 vestigia

1337 2280 1403 2299 cum

1335 2320 1422 2350 datas
1435 2325 1560 2359 utraque
1573 2331 1590 2349 a

1338 2422 1482 2461 possimus

1337 2482 1402 2510 quae

1337 2525 1444 2550 caetera

1336 2580 1514 2610 quaecunque
1522 2570 1535 2607 ξ

1336 2624 1494 2660 precantur

1335 2674 1514 2710 praepostera

1337 2720 1392 2749 Nil

1335 2769 1403 2799 ideo

1334 2819 1471 2858 quoniam

1334 2872 1436 2898 natum
1450 2873 1498 2899 est

1335 2922 1470 2949 natumst

1627 414 1668 434 Ex
1680 415 1844 437 'rrmGRA-

1599 468 1675 488 muA
1690 469 1870 492 socmrA'us

1638 523 1668 542 1³1
1672 523 1763 544 PONT!
1768 524 1830 545 ΝΕ.

1666 595 1800 636 Bipontt'.

1692 690 1705 715 1
1711 689 1777 718 782.

1615 783 1648 802 se

1615 831 1683 860 quae

1615 870 1659 899 sic
1672 880 1739 900 sese

1616 920 1747 950 futurum

1615 980 1763 1010 quamque

1617 1031 1705 1059 quom

1618 1069 1720 1100 tenuia

1619 1273 1772 1308 coeperunt

1619 1323 1740 1348 semotae

1619 1367 1729 1398 suerint

1619 1423 1741 1447 remotae

1620 1467 1723 1497 mirum
1740 1472 1789 1497 est

1583 1541 1586 1547 .
1620 1523 1719 1547 cetera

1625 1566 1737 1596 Praeter

1620 1616 1794 1646 frustramur
1806 1621 1838 1646 et

1621 1677 1678 1696 non

1619 1716 1729 1747 femina

1583 1792 1585 1794 .
1619 1776 1685 1805 quae

1620 1820 1682 1845 tum

1620 1866 1707 1901 Quod
1726 1877 1762 1896 ne
1776 1866 1833 1896 &c-

1621 1920 1652 1945 et
1667 1916 1758 1946 istum

1621 1968 1773 2008 vitareque

1620 2069 1838 2108 praemeditator

1621 2124 1654 2149 ut

1620 2418 1767 2458 possimus

1621 2480 1687 2508 quae

1621 2519 1729 2549 Cetera

1621 2579 1804 2609 quoecunque

1620 2623 1774 2659 pretantur

1619 2672 1799 2708 praepostera

1621 2716 1675 2746 Nil

1618 2766 1693 2796 adeo

1617 2815 1756 2855 quoniam

1619 2866 1763 2896 natum’st

1620 2917 1764 2948 natum'st
