1967 3314
129 2500 165 2525 10

129 2549 162 2574 11

129 2598 165 2623 15

131 2700 167 2725 14

132 2749 168 2774 15

134 2845 170 2873 16

177 573 257 637 T
348 570 997 638 LUCRETIUS

358 800 662 855 VARIAN
670 800 805 853 TES
844 799 1275 854 LECTIONES

209 1492 413 1513 FERRANDUS.

224 1707 298 1737 Sine
310 1710 407 1740 Anno.

200 1801 323 1842 pallenti

201 1850 424 1892 majestatisque

202 1951 253 1989 qui

203 1999 294 2039 figere

203 2049 254 2088 qui

203 2099 386 2138 quaesitaque

203 2148 316 2188 premia

206 2198 287 2228 Nam

206 2248 233 2277 si

209 2297 374 2328 Dicendum
389 2303 435 2328 est

208 2347 310 2376 inclite

208 2406 274 2425 eam

210 2456 276 2484 quae

211 2495 377 2535 appellatur

211 2545 304 2575 tantis

213 2595 322 2625 Confer

212 2644 327 2673 illorum

213 2694 345 2734 liberque

215 2744 353 2785 Vitigeni

215 2793 334 2824 laticem

217 2843 243 2873 is

217 2903 334 2924 manere

1081 570 1462 636 CARUS

564 998 760 1047 LIBRI
807 999 1081 1056 QUINTI.

460 1460 581 1480 PAULUS
595 1459 730 1479 rRmEN—
755 1460 948 1481 THEODOBUS
963 1460 1003 1479 DE

528 1515 664 1536 PERGER.

539 1619 667 1649 Veronae.

558 1714 640 1742 1486.

484 1800 623 1841 pallentis

485 1852 709 1892 majestatisque

486 1952 537 1991 qui

485 1999 597 2041 fingere

487 2050 537 2089 qui

487 2101 661 2141 quesitaque

488 2150 601 2191 premia

490 2200 572 2230 Nam

491 2250 534 2280 sic

492 2299 658 2329 Dicendum
672 2303 720 2329 est

492 2349 592 2378 inclite

493 2403 555 2427 tam

495 2456 552 2484 que

496 2495 661 2535 appelletur

496 2546 591 2576 cantis

497 2596 571 2624 Cum
583 2594 626 2624 fet

497 2644 612 2674 illorum

498 2694 573 2723 liber

501 2743 640 2783 Virigeni

500 2793 611 2822 latione

502 2842 549 2872 his

504 2903 620 2923 monere

718 1241 945 1254 „must”

763 1513 998 1534 RAGAZONIBUS·

815 1618 953 1649 Venetiis.

844 1712 857 1737 1
862 1711 927 1740 495.

770 1848 993 1888 majestatisque

771 1947 822 1986 qui

771 1995 882 2036 fingere

771 2045 822 2084 qui

771 2106 791 2134 q
793 2096 946 2135 uesitaque

772 2144 884 2184 premia

776 2195 856 2224 Nam

775 2244 818 2274 sic

777 2294 945 2324 Dicendum
958 2299 1006 2324 est

777 2344 878 2374 inclite

780 2399 841 2424 tam

779 2454 844 2482 quae

779 2491 947 2531 appelletus

780 2541 876 2570 cantis

783 2592 856 2621 Cum
869 2590 913 2620 fet

781 2640 897 2670 illorum

783 2690 857 2719 liber

786 2739 924 2779 Virigeni

786 2788 896 2818 latione

787 2839 834 2869 his

788 2901 905 2924 monere
926 2920 928 2922 .

767 1797 907 1838 pallentis

1112 1493 1226 1515 ALDUS.

1023 1593 1028 1678 ι
1100 1620 1236 1649 νεηείὶἱε,

1024 1684 1030 1769 Ι
1129 1712 1142 1736 1
1147 1712 1212 1738 500.

1053 1799 1167 1839 palanti

1053 1850 1279 1890 majestatisque

1056 1951 1123 1989 quis

1056 1999 1168 2039 fingere

1056 2048 1122 2087 quis

1057 2098 1239 2136 quaesitaque

1057 2147 1181 2188 praemia

1060 2196 1158 2226 Nemo

1059 2248 1086 2277 si

1060 2297 1245 2327 dicendumst

1063 2346 1172 2375 inclute

1063 2405 1128 2424 eam

1064 2455 1129 2484 quae

1064 2495 1230 2535 appellatur

1065 2545 1158 2574 tantis

1066 2593 1175 2624 Confer

1066 2644 1190 2673 aliorum

1067 2694 1199 2733 liberque

1069 2743 1208 2784 Vitigeni

1068 2794 1187 2823 laticem

1069 2843 1117 2872 his

1071 2902 1188 2922 manere

1338 1438 1379 1457 Ex
1395 1438 1560 1459 TYPOGRA-

1314 1492 1393 1512 PHIA
1409 1493 1590 1513 SOCIETATIS

1358 1546 1552 1567 Bll’ON'flNAE.

1387 1617 1521 1658 Biponti.

1416 1710 1430 1735 I
1435 1710 1498 1739 782.

1338 1795 1461 1835 pollenti

1338 1846 1495 1885 majestate
1520 1847 1583 1877 his-

1378 1907 1435 1935 que

1340 1946 1390 1984 qui

1339 1994 1462 2024 fundere

1341 2045 1391 2083 qui

1342 2095 1525 2134 quaesitaque

1342 2144 1466 2184 praemia

1345 2194 1425 2223 Nam

1344 2245 1370 2274 si

1346 2293 1553 2323 Dicendum'st

1345 2344 1456 2374 inclute

1346 2404 1411 2422 eam

1348 2453 1413 2480 quae

1349 2491 1516 2531 appellatur

1349 2543 1443 2572 tantis

1351 2591 1458 2621 Confer

1351 2641 1473 2670 aliorum

1352 2691 1483 2730 liberque

1354 2741 1491 2780 vitigeni

1354 2791 1472 2820 laticem

1354 2840 1402 2871 his

1357 2900 1474 2920 manere
1500 2922 1504 2926 ι
