1967 3314
126 761 183 789 978

126 810 183 839 979

127 860 184 888 980

126 958 180 987 981

126 1008 184 1037 984

125 1108 181 1136 985

124 1204 180 1235 986

85 1332 88 1333 ⁷
121 1305 178 1333 987

121 1355 178 1382 988

121 1404 178 1434 989

121 1454 178 1483 990

121 1554 176 1582 991

121 1603 179 1632 993

119 1852 177 1882 994

119 1952 176 1983 996

118 2004 175 2033 997

117 2053 174 2082 999

101 2201 174 2228 1000

102 2299 171 2325 1001

101 2349 174 2375 1002

100 2399 174 2425 1003

98 2595 172 2622 1004

99 2645 171 2672 1005

98 2841 171 2870 1006

98 2893 171 2923 1007

247 455 399 477 FRRRAND
404 456 448 476 US.

602 242 807 291 LIBRI
850 243 1170 300 QUARTI.
1532 254 1625 296 299

1372 405 1413 424 Ex
1424 406 1588 428 TYPOGRA·

497 424 617 444 t‘AULL's
634 419 768 447 FR'IDEN-
786 426 983 448 THEODORUS
998 429 1040 448 DE

795 479 1030 502 nAeAzoxnms.
1145 460 1259 500 smus.

564 478 700 501 PERGER.

1387 512 1567 533 BIPON'HNAE
1572 527 1580 534 .

281 580 410 609 Bri-tice.
842 583 877 612 V
874 582 986 613 enetiis.
1133 583 1268 614 Veneriis.
1416 582 1550 623 Biponti.

263 669 336 698 Sine
348 670 446 699 Anno,
594 671 678 699 1486.
876 674 958 703 1495.
1161 674 1243 700 1500.
1443 676 1526 705 1782.

231 758 376 797 loquentis
514 757 661 797 loquentis
797 758 945 798 loquentis
1081 759 1228 798 loquentis
1363 760 1528 800 loquenteis

230 817 403 838 consensum
514 817 688 839 consensum
797 819 972 839 consensum
1082 818 1255 839 consensum
1362 821 1533 841 consessum

233 857 378 896 Sena'i'que
516 857 700 899 Scenentque
799 858 985 898 Scenentque
1084 858 1231 898 Sena'ique
1366 860 1513 901 Sena'l'que

232 906 386 946 splendere
513 907 669 947 splendere
797 907 941 946 spondere
1081 907 1235 946 splendere
1355 910 1518 950 ,splendere

231 956 361 987 referunt
514 957 644 988 referunt
797 957 928 988 referunt
1080 957 1209 988 referunt
1363 959 1454 990 refert

230 1006 316 1037 sortis
513 1007 598 1037 fortis
797 1006 883 1037 fortis
1081 1005 1183 1036 forteis
1362 1010 1466 1040 forteis

230 1067 296 1085 cum
512 1067 582 1095 qum
797 1066 866 1095 qum
1080 1067 1146 1086 cum
1362 1071 1429 1090 cum

229 1107 336 1137 sudare
512 1106 635 1136 suadere
797 1106 920 1135 suadere
1079 1105 1185 1135 sudare
1362 1109 1469 1139 sudare

229 1166 344 1195 semper
511 1166 626 1196 semper
795 1166 911 1196 semper
1079 1165 1158 1195 saepe
1361 1168 1440 1198 saepe

228 1207 334 1246 palmis
510 1205 616 1245 palmis
795 1205 901 1245 palmis
1079 1206 1184 1246 palmis
1361 1208 1459 1248 palma

228 1266 299 1285 vms
510 1266 581 1285 vms
794 1266 865 1285 rins
1079 1266 1167 1285 vrrexs
1361 1268 1450 1287 Virels

227 1307 291 1334 Aut
510 1307 575 1335 Aut
794 1306 858 1334 Aut
1078 1310 1131 1335 aut
1361 1306 1448 1335 Tunc

228 1355 245 1370 ἱ
511 1354 528 1369 ἓ
797 1354 814 1370 Π·

225 1404 363 1444 vocisque
509 1403 648 1443 vocisque
793 1404 931 1444 vocisque
1077 1415 1222 1445 vocesque
1360 1415 1506 1445 vocesque

225 1454 327 1483 crebro
509 1454 611 1483 crebro
792 1454 895 1484 crebro
1077 1455 1179 1484 crebro
1361 1455 1480 1486 crebras

225 1503 368 1533 reducunt
509 1503 654 1534 reducunt
795 1503 940 1533 reducunt
1077 1504 1241 1535 redducunt
1360 1504 1523 1535 redducunt

226 1551 348 1581 inventa
504 1553 630 1593 juventa
785 1553 914 1592 juventa
1078 1553 1197 1583 inventa
1360 1555 1481 1585 inventa

228 1601 386 1630 corvorum
510 1603 671 1632 Corvorum
793 1602 953 1635 Coi-vorum
1078 1602 1236 1632 Cervorum
1361 1605 1519 1634 Cervorum

227 1650 365 1680 simulata
509 1652 649 1682 simulata
792 1650 932 1681 simulata
1077 1651 1233 1682 simulacra
1359 1653 1516 1683 simulacra

225 1700 299 1740 fuga
508 1702 583 1742 fuga
792 1699 866 1740 fuga
1076 1700 1155 1741 fugae
1359 1701 1440 1742 fugae

227 1760 302 1789 quas
509 1762 583 1791 quas
794 1761 868 1790 quas
1077 1752 1163 1791 quasi
1359 1753 1445 1791 quasi

227 1799 327 1829 addita
508 1801 602 1831 iddita
793 1801 889 1831 iddita
1076 1801 1178 1831 dedita
1358 1802 1459 1832 dedita

225 1850 347 1879 redeant
508 1852 652 1882 reddeant
792 1851 935 1880 reddeant
1076 1851 1199 1881 redeant
1358 1852 1481 1882 redeant

226 1899 384 1928 terroribus
508 1902 670 1931 terroribus
791 1901 952 1930 terroribus
1077 1901 1238 1931 terroribus
1357 1901 1504 1931 erroribus

223 1948 304 1978 deest
315 1959 419 1978 versus

225 1997 242 2013 ³
256 1998 402 2038 corripere

223 2058 282 2087 quo

790 1949 871 1979 deest
883 1960 988 1979 versus
1075 1950 1156 1980 deest
1167 1961 1272 1981 versus

792 2000 809 2016 ²¹
822 2002 969 2041 corripere
1075 2003 1221 2041 corripere

791 2060 849 2089 quo
1074 2061 1133 2091 quo

507 1950 588 1979 deest
601 1960 706 1980 versus

509 2001 526 2016 ¹
540 2002 688 2041 corripere

507 2060 566 2089 quo

1359 1951 1479 1991 Degere
1494 1952 1551 1982 &c-

1358 2000 1510 2041 conripere

1358 2060 1447 2089 quam

221 2108 356 2137 quenque
507 2110 643 2139 querique
789 2110 925 2139 qucnque
1074 2111 1198 2141 quaeque
1357 2110 1481 2139 quaeque

220 2149 407 2179 seminiorum
506 2149 692 2178 semiviortun
790 2149 975 2179 semiviorum
1073 2151 1260 2181 seminjomm
1357 2151 1469 2180 semina
1480 2161 1580 2181 eorum

222 2199 326 2228 saevire
506 2208 538 2227 se
546 2199 615 2238 jure
788 2209 821 2228 se
829 2200 897 2240 jure
1073 2211 1106 2230 se
1114 2201 1182 2241 jure
1357 2201 1460 2230 saevire

222 2258 343 2278 necesse
352 2253 400 2279 est
506 2253 658 2278 necessest
787 2253 939 2278 necessest
1072 2254 1225 2280 necessest
1357 2250 1551 2280 necessum'st

222 2297 302 2326 varie
507 2297 596 2326 variae
788 2299 879 2328 variae
1072 2301 1162 2330 variae
1356 2302 1446 2331 variae

224 2346 379 2377 Solicitant
507 2346 676 2377 Sollicitant
789 2347 955 2377 Sollicitant
1076 2348 1243 2379 Sollicitam.
1357 2349 1526 2380 Sollicitant

222 2396 282 2425 leni
504 2396 564 2426 levi
787 2396 847 2425 levi
1074 2400 1133 2429 leni
1356 2400 1415 2429 leni

222 2445 248 2474 si
507 2446 533 2475 si
789 2446 817 2474 si
1075 2449 1118 2478 sie
1355 2450 1381 2480 si

221 2494 323 2534 praelia
505 2495 607 2535 prael'ia
786 2495 892 2536 praelia
1074 2499 1179 2539 praelia
1356 2499 1461 2539 proelia

220 2555 337 2585 pugnas
504 2555 621 2585 pugnas
786 2557 904 2588 pugnas
1074 2559 1248 2589 pugnasque
1354 2558 1529 2589 pugnasque

220 2594 265 2623 vis
279 2604 363 2633 aqnae
505 2595 551 2625 vis
565 2605 650 2634 aeqne
787 2598 833 2627 vis
850 2607 933 2637 aeque
1073 2598 1144 2628 visae
1162 2602 1251 2637 atque
1354 2598 1484 2637 visaeque

218 2648 332 2673 mentes
505 2649 619 2674 montes
786 2652 902 2677 montes
1072 2653 1187 2679 mentes
1355 2651 1469 2677 mentes

218 2693 334 2732 magnis
347 2703 411 2732 quae
504 2695 678 2734 magnisque
786 2697 962 2737 mag-nisque
1071 2697 1188 2738 magnis
1198 2707 1264 2737 quae
1355 2697 1471 2738 magnis
1484 2707 1550 2737 quae

218 2742 345 2772 motibus
503 2744 652 2774 montibus
787 2746 935 2775 montibus
1071 2747 1199 2777 motibus
1353 2746 1482 2776 motibus

217 2791 310 2822 edunt
502 2793 603 2822 aedunt
787 2795 888 2825 aedunt
897 2824 899 2826 ,
1071 2798 1164 2827 edunt
1353 2796 1446 2826 edunt

203 2852 207 2864 s
217 2841 319 2872 itidem
503 2842 604 2872 itidem
787 2843 890 2874 itidem
1071 2846 1173 2876 itidem
1353 2846 1464 2876 etenim

217 2891 319 2931 praelia
504 2892 606 2932 praelia
786 2894 889 2934 praelia
1072 2895 1173 2935 praelia
1354 2896 1457 2936 proelia

396 3001 412 3015 ³*
430 3001 511 3032 Inter
524 3003 580 3034 has
596 3007 682 3034 notas
696 3004 853 3036 turbantur
867 3004 984 3035 Versus
998 3005 1069 3035 Fer.
1091 3005 1158 3035 Ver.
1173 3010 1204 3035 et
1223 3005 1298 3035 Veri.

1345 459 1424 479 PHIA
1438 459 1619 482 socuerTls
