1967 3314
623 251 840 317 LIBRI
885 251 1126 300 SEXTI.
1530 263 1619 308 371

1365 413 1382 432 Ε
1389 413 1407 431 Χ
1417 414 1516 434 ΤΥΡΟΟ
1522 416 1564 436 ΚΑ
1570 427 1581 433 -

487 431 608 453 PAULUS
623 433 757 453 Plunzx-
780 433 971 453 THEODORUS
985 432 1027 451 DE

550 487 687 508 PERGER.

238 462 440 484 FBRRANDUS.
1341 467 1417 486 rnlA
1432 467 1611 490 SOCIETATIS

786 487 1021 508 RAGAZONIBUS.

1374 521 1502 540 BIPONTI
1506 522 1569 542 NAE.

1113 590 1259 622 —Venetiiffi

1398 591 1534 632 Biponti.

1144 683 1229 709 1500.
1431 683 1514 712 1782.

219 765 285 806 plus
503 768 569 808 plus
1069 766 1136 806 plus
1353 768 1440 808 hujus

219 822 354 856 superest
501 829 589 860 super
603 824 650 850 est
787 827 876 857 super
888 823 935 849 est
1070 822 1207 856 superest
1352 821 1489 857 superest

219 865 306 895 facile
318 871 366 897 est
501 869 619 899 facilest
786 866 904 898 facilest
1064 866 1189 896 facilest
1352 867 1438 898 facile
1443 868 1485 898 'st

220 914 375 946 Presteras
503 919 658 950 Presteras
788 916 952 947 Px-aesteras
1069 916 1237 957 praestarias
1353 921 1486 957 Πςησὴις

218 964 284 1004 g'mi
501 969 578 1010 graii
786 967 865 1006 grali
1070 968 1157 997 Graii
1354 967 1439 997 Graii

217 1023 300 1043 missi
501 1020 578 1050 musi
785 1017 862 1046 musi
1069 1016 1152 1046 missi
1353 1016 1437 1046 missi

217 1073 353 1103 supernae
501 1080 637 1110 supemae
786 1077 921 1106 supernae
1068 1075 1195 1104 superne
1353 1075 1478 1105 superne

217 1118 366 1152 tamquam
500 1123 563 1149 tam
580 1129 668 1159 quam
786 1119 846 1144 tam
859 1126 947 1155 quam
1069 1119 1209 1154 tanquam
1353 1119 1493 1154 tanquam

217 1162 323 1193 coluna
501 1167 635 1197 columna
784 1164 919 1195 columna
1069 1163 1205 1194 columna
1354 1164 1489 1194 columna

218 1212 301 1241 caelo.
502 1217 573 1246 caelo
784 1212 857 1243 caelo
1068 1213 1142 1242 coelo
1353 1213 1427 1243 coelo

220 1261 402 1292 Fen-escunt
504 1265 686 1296 Pervesmmt
784 1262 968 1294 Pervescunt
1071 1261 1252 1292 Fervescunt
1355 1261 1538 1292 Fervescunt

218 1311 310 1341 lacita
502 1315 593 1346 lacita
784 1311 875 1343 lacita
1069 1312 1161 1341 incita
1352 1312 1445 1341 incita

215 1369 397 1400 quaecunque
501 1375 673 1405 quecunque
786 1372 958 1402 quecunque
1068 1370 1248 1399 quaecunque
1353 1371 1533 1401 quaecunque

216 1412 279 1438 tum
499 1424 566 1443 cum
784 1422 850 1442 cum
1069 1419 1135 1439 cum
1352 1414 1415 1440 tum

216 1459 277 1488 sint
499 1463 560 1492 sint
783 1462 844 1491 sint
1069 1459 1130 1488 sint
1188 1499 1190 1501 .
1353 1465 1424 1490 sunt

215 1508 400 1547 deprehensa
499 1512 682 1552 deprehensa
783 1511 967 1551 deprehensa
1067 1509 1250 1548 deprehensa
1352 1509 1498 1550 deprensa

216 1557 281 1596 quit
293 1558 340 1588 vis
500 1562 600 1600 quitus
783 1562 884 1601 quitus
1067 1558 1133 1597 quit
1147 1557 1191 1587 vis
1352 1559 1417 1599 quit
1430 1559 1477 1590 vis

218 1617 305 1645 quom
501 1622 590 1650 quam
784 1621 872 1650 quam
1068 1617 1155 1646 quam
1352 1619 1441 1647 quam

216 1656 305 1695 caepit
500 1661 590 1700 coepit
784 1660 874 1700 coepit
1067 1656 1158 1696 coepit
1352 1656 1443 1695 coepit

216 1706 354 1745 deprimit
500 1709 644 1748 depremit
783 1709 929 1750 deprelnit
1068 1704 1205 1745 deprimit
1351 1705 1488 1744 deprimit

215 1756 288 1786 caelo
500 1759 573 1789 caelo
783 1760 855 1789 caelo
1068 1756 1141 1786 coelo
1352 1755 1426 1784 coelo

214 1815 341 1845 superne
501 1819 636 1848 supernae
782 1819 916 1849 supernae
1066 1815 1193 1845 superne
1352 1815 1479 1844 superne

216 1866 281 1885 cum
500 1869 569 1898 qum
783 1868 851 1897 qum
1068 1866 1134 1885 cum
1350 1866 1418 1885 cum

214 1904 345 1935 detrudit
500 1908 635 1938 detendit
782 1907 916 1937 detendit
1065 1906 1196 1936 detrudit
1352 1904 1481 1934 detrusit

213 1965 332 1994 aequora
502 1968 613 1998 equora
781 1966 900 1995 aequora
1067 1965 1187 1994 aequora
1353 1963 1474 1992 aequora

212 2003 346 2033 immittit
499 2007 530 2037 in
546 2007 639 2037 mittit
780 2005 811 2034 in
830 2004 923 2034 mitu't
1067 2004 1201 2034 immittit
1351 2002 1486 2032 immittit

212 2054 243 2082 in
257 2052 358 2082 volvat
499 2057 630 2088 involvat
781 2055 913 2086 involvat
1065 2054 1198 2084 involvat
1350 2052 1483 2081 involvat

212 2102 309 2132 ventis
498 2106 594 2136 ventis
780 2104 877 2134 ventis
1066 2102 1165 2133 ventis
1352 2101 1434 2132 venti

211 2162 229 2181 e
496 2166 514 2184 e
781 2165 799 2184 e
1066 2163 1083 2181 e
1351 2162 1384 2181 se

212 2201 277 2241 ipso
496 2204 563 2244 ipso
779 2203 846 2243 ipso
1066 2202 1130 2241 ipse
1352 2201 1416 2240 ipse

213 2251 330 2280 Ver-tex
497 2253 615 2283 Vei-tex
781 2252 900 2282 Vertex
1066 2251 1186 2281 Vortex
1352 2250 1472 2279 Vortex

213 2300 394 2330 conrandeus
496 2303 682 2333 concandens
780 2300 965 2331 concandens
1066 2299 1228 2330 conradens
1351 2299 1512 2328 conradens

213 2358 281 2377 aere
496 2362 567 2382 aera
780 2360 851 2381 aera.
1066 2360 1134 2379 aere
1349 2359 1421 2379 aere

213 2397 285 2427 caelo
497 2401 570 2431 caelo
778 2399 856 2429 caelo
1066 2398 1140 2428 coelo
1351 2399 1424 2429 coelo

212 2451 354 2486 prestera
498 2453 643 2489 praestera
779 2451 923 2487 prmtexa
1065 2453 1207 2488 prestera
1236 2451 1238 2454 ’
1352 2448 1492 2478 prestera

212 2500 342 2526 mutetur
497 2503 627 2528 mutetur
780 2501 910 2528 mutetur
1065 2498 1198 2540 imitetur
1352 2497 1482 2527 imitetur

212 2546 331 2576 demisit
497 2548 617 2578 demisit
781 2546 917 2577 demissit
1065 2547 1183 2577 demisit
1352 2545 1471 2575 demisit

211 2597 241 2626 in
258 2607 371 2626 manem
497 2598 623 2627 immane
781 2597 909 2627 immane
1065 2597 1221 2626 immanem
1352 2594 1506 2624 immanem

214 2645 294 2674 deest
498 2647 528 2675 in
782 2647 813 2677 in
1066 2643 1147 2674 deest
1353 2642 1435 2672 deest

211 2694 354 2734 procellat
782 2695 925 2736 procellat
1067 2693 1203 2734 procellae
1353 2692 1489 2733 procellae

210 2743 377 2782 montisque
783 2745 951 2784 montisque
1066 2743 1232 2783 montisque
1352 2743 1535 2782 mouteisque

211 2803 334 2823 necesse
347 2796 394 2822 est
784 2798 938 2824 necessest
1067 2798 1220 2824 necessest
1353 2793 1519 2823 necesse'st

214 2841 355 2873 Officeret
501 2842 641 2872 Officeret
787 2842 926 2874 Officeret
1069 2842 1194 2872 Offioere
1356 2843 1480 2873 Officere

210 2890 342 2922 crebrius
502 2891 616 2938 crebius
787 2891 903 2923 crebius
1068 2891 1199 2923 crebrius
1354 2893 1483 2924 crebrius
