1967 3314
320 277 414 318 202

340 795 398 822 233

337 893 396 920 234

337 941 395 969 236

337 993 395 1022 237

335 1042 395 1067 238

336 1092 395 1117 240

335 1141 389 1167 5241

336 1241 393 1266 243

594 270 1051 320 VARIANTES
1092 269 1534 320 LECTIONES

461 484 666 505 maluimus.

497 608 625 638 Brixiae.

473 697 547 727 Sine
560 698 657 727 Anno.

443 792 496 817 aut

443 847 590 877 quamque

441 894 610 927 exuperatae

442 937 484 966 rei

442 986 537 1020 Quom

441 1045 500 1074 qua
512 1040 633 1075 propter

440 1091 599 1125 potuerunt

442 1136 488 1165 Ex
501 1147 609 1177 supero

439 1192 525 1227 gerat

440 1238 582 1268 inclinare

414 1282 418 1334 Ι
440 1299 561 1318 necesse
573 1295 621 1319 est

336 1343 393 1369 <244
414 1349 418 1390 ε
439 1338 595 1378 plusquam

335 1391 392 1419 246

334 1493 391 1521 ⁶247

441 1388 521 1418 Nam

439 1440 468 1468 iu
483 1445 599 1478 promtu

440 1490 518 1519 inest

334 1542 390 1567 ‘248
412 1535 416 1579 l
440 1539 486 1568 Ex
501 1550 608 1579 supero

332 1740 387 1765 251

331 1789 389 1814 5253

331 1840 388 1865 5255

331 1889 388 1918 257

331 1938 389 1964 258

329 2735 387 2763 278

327 2933 386 2962 279

438 1600 503 1618 cum

437 1639 614 1679 precipitant

436 1689 514 1727 quod

435 1743 516 1767 motu

438 1787 504 1817 Nec

436 1848 488 1866 nec

436 1887 572 1927 voluptas

436 1947 582 1976 quemque

436 1985 572 2016 voluntas

436 2046 491 2065 sua
503 2036 592 2075 vique

437 2084 516 2113 deest

435 2145 574 2174 equorum

435 2184 526 2214 habet

436 2234 539 2265 Omnis

435 2284 550 2313 initium

435 2333 530 2363 simile
541 2338 588 2365 est

436 2383 627 2424 Perspicuum
645 2391 693 2416 est

434 2433 544 2464 invitus

435 2484 539 2514 Donec
551 2494 616 2514 eam

434 2533 594 2564 refrenavit

433 2594 608 2623 quamquam

434 2634 478 2663 vis

433 2683 543 2712 extima

435 2731 533 2762 Fallat

433 2785 463 2810 et

432 2830 540 2860 invitos

433 2884 521 2920 cogat

435 2929 664 2969 Praecipitesque
719 2930 942 2970 Precipitesque

713 452 833 472 PAULL'S
850 452 983 473 FMDEN-
1005 451 1202 472 'mitonoaus
1219 452 1258 470 DE

782 506 918 527 PERGER.

787 612 914 642 Veronoe.

809 703 821 727 l
826 700 893 728 486.

729 788 811 818 haud

729 847 875 876 quamque

728 893 896 926 exuperatae

728 936 771 965 rei

727 986 805 1019 Qum

726 1035 796 1075 quia
808 1039 928 1075 propter

727 1090 886 1124 potuerunt

729 1133 868 1174 Exupero

726 1188 812 1223 gerat

726 1234 867 1264 inclinare

727 1293 848 1314 necesse
861 1290 907 1315 est

729 1332 883 1372 plusquam

728 1382 865 1422 Namque

726 1433 755 1461 in
768 1438 904 1473 promptu

726 1483 804 1513 inest

726 1533 865 1573 Exupero

724 1593 792 1621 qum

723 1631 901 1671 precipitant

723 1681 801 1718 quod

722 1734 819 1759 motus

724 1778 775 1808 Ne

724 1838 759 1857 ue

723 1878 859 1918 voluptas

721 1939 844 1967 quaeque

721 1978 858 2018 voluptas

720 2029 863 2068 suavique

721 2078 802 2107 deest

721 2138 842 2167 quorum

722 2179 811 2207 habet

722 2228 825 2258 Omnis

720 2278 836 2309 initium

721 2329 816 2359 simile
829 2334 877 2360 est

722 2379 913 2420 Perspicuum
932 2387 977 2411 est

721 2430 823 2460 invitis

721 2480 825 2511 Donec
838 2491 928 2511 causa

721 2529 880 2559 refrenavit

719 2590 895 2619 quamquam

720 2630 765 2659 vis

719 2690 753 2709 ex
758 2685 852 2710 trema

720 2725 819 2760 Fallat

711 2781 763 2821 jus

718 2831 795 2861 vitos
803 2831 810 2837 “

716 2885 806 2921 cogat

1013 505 1247 526 RAGAZOMBUS.

1013 791 1091 820 haud

1012 850 1158 880 quamque

1011 896 1183 930 exuperatae

1013 939 1055 968 rei

1012 988 1090 1022 Qum

1013 1038 1083 1076 quia
1093 1042 1213 1078 propter

1013 1092 1172 1127 potuerunt

1015 1137 1154 1177 Exupero

1012 1191 1098 1226 gerat

1011 1236 1152 1266 inclinare

1012 1297 1132 1316 necesse
1145 1291 1193 1316 est

1011 1336 1167 1376 plusquam

1011 1385 1150 1424 Namque

1011 1434 1038 1463 in
1052 1440 1189 1476 promptu

1010 1484 1087 1515 inest

1012 1533 1150 1574 Exupero

1009 1594 1078 1622 qum

1009 1633 1188 1673 precipitaut

1009 1683 1085 1720 quod

1009 1736 1105 1762 motus

1011 1781 1060 1811 Ne

1009 1842 1046 1861 ne

1009 1882 1145 1923 voluptas

1008 1944 1135 1973 quaeque

1008 1983 1143 2023 voluptas

1007 2032 1150 2071 suavique

1007 2080 1087 2111 deest

1006 2141 1128 2170 quorum

1007 2181 1098 2210 habet

1007 2230 1110 2261 Omnis

1008 2280 1122 2310 initium

1007 2329 1102 2360 simile
1115 2335 1162 2360 est

1006 2429 1107 2459 invitis

1008 2480 1111 2510 Donec
1122 2492 1212 2512 causa

1006 2530 1166 2562 refrenavit

1004 2592 1180 2621 quamquam

1006 2631 1050 2660 vis

1003 2686 1136 2710 extrema

1006 2728 1104 2760 Fallat

998 2781 1049 2820 jus

1002 2831 1082 2860 vitos

1003 2885 1092 2920 cogat

1006 2929 1228 2970 Precipitesque

983 2985 1003 3010 5

1008 2379 1198 2419 Perspicuum
1217 2385 1263 2410 est

1351 609 1484 640 Venetiis.

1378 702 1458 729 1500.

1297 789 1375 818 haud

1297 849 1432 878 qllanqlle

1296 894 1464 927 exaperata:

1297 946 1339 965 rei

1297 985 1376 1019 Quin

1297 1040 1476 1075 quapropter

1297 1089 1435 1124 poterunt

1298 1135 1344 1164 Ex
1358 1145 1467 1174 supero

1296 1189 1382 1225 gerat

1296 1235 1436 1265 inclinare

1296 1290 1447 1315 necessest

1295 1335 1450 1375 plusquam

1297 1385 1427 1424 Nanque

1294 1433 1323 1465 in
1338 1441 1474 1477 promptu

1294 1486 1323 1515 in
1337 1491 1400 1516 sest

1296 1535 1322 1564 E
1337 1545 1444 1574 supero

1294 1595 1359 1615 cum

1294 1634 1480 1674 praecipitant

1293 1695 1352 1724 quo

1293 1738 1392 1763 motus

1297 1783 1364 1812 Nec

1295 1844 1331 1862 ne

1294 1884 1430 1924 voluptas

1293 1944 1428 1972 quenque

1293 1983 1429 2013 voluntas

1292 2044 1347 2063 sua
1359 2034 1464 2073 cuique

1291 2088 1388 2113 motus

1291 2143 1429 2172 equorum

1292 2188 1361 2212 avet

1292 2231 1413 2261 Omneis

1290 2281 1395 2311 initum

1289 2331 1415 2361 similest

1292 2382 1477 2422 perspicuust

1290 2431 1391 2461 invitis

1290 2482 1382 2511 donec
1395 2492 1459 2511 eam

1289 2532 1450 2562 refrenavit

1289 2592 1457 2622 quanquam

1291 2631 1339 2662 vix

1288 2681 1399 2711 extima

1289 2831 1398 2861 invitos

1287 2885 1375 2920 cogat

1286 2928 1511 2969 praecipitesque

1593 431 1633 450 Ex
1647 431 1811 452 TYPOGRA-

1565 485 1640 504 eum
1657 485 1822 505 socOETA'rl
1835 493 1840 495 ·

1605 538 1798 559 Bn‘os'rlNAE.

1632 608 1766 649 Biponti.

1620 703 1622 705 ’
1660 704 1741 732 1782.

1582 789 1661 818 haud

1581 849 1726 878 quamque

1580 892 1759 928 exsuperata

1582 937 1636 966 reii

1583 986 1661 1020 Quin

1582 1039 1761 1075 quapropter

1582 1089 1720 1125 poterunt

1585 1134 1631 1163 Ex
1645 1144 1751 1173 supero

1581 1188 1671 1225 genat

1580 1235 1691 1265 clinare

1581 1284 1743 1315 uecesse'st

1582 1335 1646 1375 plus
1660 1345 1747 1374 quam

1583 1385 1721 1424 Namque

1579 1436 1607 1464 in
1623 1439 1739 1475 promtu

1580 1485 1609 1515 in
1623 1485 1698 1515 se’st

1582 1535 1628 1564 Ex
1642 1545 1749 1575 supero

1579 1594 1645 1613 cum

1579 1633 1765 1674 praecipitant

1579 1683 1657 1723 quod

1579 1738 1675 1764 motus

1581 1783 1647 1812 Nec

1580 1843 1616 1862 ne

1580 1882 1716 1912 voluntas

1579 1943 1723 1971 quemque

1579 1982 1714 2022 voluptas

1577 2042 1632 2061 sua
1642 2031 1748 2070 cuique

1576 2086 1672 2111 motus

1575 2142 1716 2171 equorum

1576 2186 1644 2211 avet

1575 2232 1696 2261 omneis

1576 2282 1690 2311 initium

1575 2331 1713 2361 simile'st

1576 2380 1779 2419 Perspicuu'st

1574 2430 1674 2460 invitis

1576 2479 1722 2509 Donicum
1736 2490 1801 2509 eam

1576 2529 1745 2559 refraenavit

1574 2588 1750 2618 quamquam

1574 2628 1619 2657 vis

1573 2682 1678 2707 extera

1575 2726 1664 2756 Pellit

1572 2783 1603 2807 ct

1573 2827 1680 2857 invitos

1572 2878 1653 2917 cogit

1573 2925 1815 2968 Praecipiteisque
