1967 3314
435 225 771 274 RICARDI
819 221 1205 272 BENTLEII.
1474 225 1567 270 447

285 359 313 389 F
313 357 430 388 alcibus
444 363 476 388 et
489 367 598 388 messae
614 356 654 387 ad
667 357 778 387 lunam
793 361 976 396 quaeruntur
992 355 1078 385 a'efnis

288 415 448 446 Pubentes
461 417 567 446 herbae
582 416 667 456 nigri
682 425 756 446 cum
770 415 850 445 lacte
865 414 985 445 veneni.

119 503 212 535 Ovid.
227 508 300 533 met.
316 503 401 533 VII.
417 505 489 533 227.

289 578 409 608 Partim
424 578 556 608 succidit
570 578 750 608 curvamine
772 577 861 608 falcis
876 576 971 607 a‘e‘nae.

121 658 172 688 Ita
187 656 355 697 Sophocles
370 662 401 687 et
415 657 480 687 alii.

216 776 302 804 1299
328 769 375 810 Et
390 769 502 814 bq'jugo
517 767 613 814 prius
630 774 696 810 est,
718 778 823 813 quam
838 766 892 801 bis
909 767 1119 811 conjungere
1134 764 1247 807 binos,

119 850 208 881 Bene
223 850 336 887 Faber,
349 849 482 889 bijugos.

217 970 304 997 1309
329 963 376 997 Et
391 961 526 997 validos
544 960 665 994 Parthi
680 970 752 1004 prae
770 969 807 993 se
823 957 948 993 misere
964 957 1085 992 leones

118 1043 188 1081 An,
202 1040 334 1082 partim?

220 1161 307 1188 1322
331 1154 588 1198 Jactabantque
604 1164 678 1186 sues
694 1150 797 1193 tauri,
812 1149 1028 1196 pedibusque
1043 1148 1218 1189 terebant;

120 1229 216 1269 Lego,
232 1238 321 1265 suos;
347 1227 386 1257 Β.
404 1236 431 1256 v.
450 1229 540 1256 1556.

222 1346 309 1374 1326
335 1338 422 1372 Tela
436 1338 585 1372 infracta
601 1348 665 1371 suo
681 1336 881 1380 tinguentes
902 1334 1070 1379 sanguine
1086 1334 1185 1368 saevi:

335 1403 377 1435 In
395 1412 432 1435 se
448 1400 559 1434 fracta
576 1411 640 1434 suo
656 1398 856 1442 tinguentes
873 1397 1040 1442 sanguine
1055 1396 1137 1430 tela.

120 1478 211 1519 virg.
229 1479 304 1509 AEn.
321 1479 362 1508 X.
379 1489 406 1508 V.
425 1481 496 1509 730.

297 1553 453 1584 Sternitur
466 1552 577 1582 infelix
595 1553 701 1582 Acron
717 1557 749 1581 et
768 1549 907 1581 calcibus
921 1555 1021 1580 atram

295 1613 416 1643 Fundit
431 1613 569 1642 humum
583 1612 729 1651 expirans
744 1611 938 1652 infractaque
953 1611 1012 1640 tela
1029 1614 1179 1643 cruentat,

128 1689 169 1720 V.
187 1692 279 1719 1527.
303 1688 345 1718 In
359 1699 387 1728 q.
405 1687 502 1718 MSS.
518 1689 615 1726 abest,
632 1692 662 1717 et
675 1687 756 1727 jure.

226 1786 314 1813 1342
341 1780 457 1823 Quam
475 1790 660 1812 commune
676 1777 805 1812 malum
819 1778 954 1822 fuerat,
977 1774 1178 1820 foedumque
1192 1774 1357 1809 futurum.

122 1859 165 1895 Q.
182 1859 278 1890 MSS.
294 1859 415 1896 fueret;
433 1857 525 1888 recte.

227 1967 314 1996 1348
341 1961 414 2006 Qui
429 1971 575 1995 numero
593 1959 806 2001 diffidebant,
825 1957 996 2003 armisque
1012 1958 1194 1993 vacabant.

128 2040 254 2071 Ennius
270 2041 420 2071 Hectoris
435 2040 551 2080 Lytris:

300 2127 460 2164 Constitit,
474 2126 576 2162 credo,
595 2125 802 2156 Scamander:
827 2127 947 2156 arbores
962 2130 1045 2156 vento
1060 2130 1181 2155 vacant.

131 2212 284 2254 Corrupte
298 2213 425 2244 Nonius
438 2212 528 2254 legit,
543 2220 666 2253 vagant.
712 2213 811 2244 Illum
825 2213 907 2249 vide,
923 2222 999 2242 nam
1015 2211 1197 2243 Macrobius
1212 2210 1274 2241 VI.
1290 2214 1320 2241 2,
1336 2210 1409 2241 citat
1423 2220 1461 2241 ex
1478 2210 1586 2242 Satiris

87 2267 200 2298 Ennii:

302 2341 479 2372 Constitere
493 2352 601 2372 amnes
615 2352 777 2382 perenneS,
793 2343 918 2372 arbores
932 2347 1024 2372 vento
1039 2346 1158 2372 vacant.

232 2461 320 2489 1350
345 2454 486 2489 Textile
501 2462 582 2500 post
597 2454 789 2490 ferrum’st:
817 2455 898 2500 quia
912 2454 1005 2490 ferro
1022 2454 1094 2490 tela
1103 2460 1274 2499 parantur
1282 2467 1296 2488 .-

131 2534 272 2565 Paratur.

234 2643 322 2671 1406
347 2637 393 2671 Et
410 2648 535 2682 supera
552 2636 704 2672 calamos
720 2649 803 2671 unco
819 2647 1022 2682 percurrere
1038 2635 1150 2670 labro:

132 2717 230 2759 Lego,
246 2717 326 2751 udo;
351 2717 387 2747 B.
403 2717 455 2747 lib.
472 2717 533 2747 IV.
549 2727 578 2747 v.
596 2720 667 2748 592.

232 2825 317 2853 1421
344 2820 564 2864 Dispersisse,
580 2830 694 2864 neque
709 2818 746 2852 in
762 2817 914 2853 fructum
930 2823 1135 2853 convertere
1152 2816 1278 2863 quisse.

134 2897 173 2934 Q.
190 2898 288 2930 MSS.
305 2899 511 2939 Disperiisse5
533 2899 666 2938 optime:
693 2899 764 2930 vide
785 2899 837 2930 lib.
854 2899 916 2930 VI.
936 2909 965 2928 v-
985 2902 1074 2929 1283.
