1967 3314
603 225 822 274 LIBRI
865 224 1106 273 SEXTI.

1535 236 1627 277 365

243 441 445 463 FERRANDUS.

492 409 618 429 PAULUS
630 411 764 431 FRlDEN-
787 410 979 430 THEODORUS
994 410 1035 429 DE

564 463 699 484 PERGER.

794 464 1028 484 RAGAZOMBUS.

850 565 986 595 Venetiis.

1144 440 1257 461 ALDUS.

1126 563 1267 594 Venetii-s.

1374 388 1415 406 Ex
1428 389 1445 407 Τ
1451 390 1530 409 YPOG
1536 390 1594 409 RA-

1349 440 1424 459 PHIA
1441 441 1620 464 SOCIETATIS

1388 494 1567 516 BIPON'HNAE
1573 510 1580 518 ι

1416 567 1551 607 Biponti.

495 626 1621 637 ——ss———Qm

208 629 483 637 -——-—.—

104 715 1621 728 ——u-—ss-ss———Q———Q

124 1303 182 1328 233

123 1453 180 1482 239

123 1503 182 1529 240

124 1651 179 1677 2ss

126 1751 183 1777 243

124 1949 182 1974 244

123 1999 180 2024 245

123 2096 180 2125 246

122 2196 180 2222 248

122 2246 181 2271 250

121 2393 177 2418 251

122 2443 180 2469 252

121 2591 179 2617 253

119 2740 177 2766 254

119 2790 176 2815 255

118 2885 178 2915 256

228 756 291 774 cum
307 747 408 785 primis

228 795 355 826 motibus
368 800 457 836 atquc

229 845 302 874 nihil

230 895 375 925 obsistere

228 948 262 972 ut
276 944 338 973 haec

228 1004 281 1033 per
297 1004 358 1023 aera

229 1043 309 1072 deest

230 1093 310 1123 vasis

228 1143 299 1181 quid

229 1203 352 1231 rareque

230 1241 324 1271 latera
333 1242 430 1272 omnia

227 1290 308 1320 deest

226 1340 334 1370 tollens

227 1400 349 1420 corusco

227 1439 317 1469 turris

227 1501 246 1520 a
259 1490 366 1520 vellere

229 1540 310 1580 ligna

229 1591 387 1630 trabesque

231 1640 409 1669 monimenta

223 1689 383 1719 commoliri
398 1694 486 1728 atque

229 1740 336 1769 Cetera

233 1800 340 1829 genere

230 1849 289 1877 qua

230 1894 352 1929 possunt

228 1937 309 1968 deest

229 1988 314 2028 gigni

228 2039 390 2077 putandum
403 2044 451 2069 est

226 2089 371 2119 extractis

227 2138 298 2168 caelo

226 2189 326 2227 precul

226 2238 320 2267 omnis

228 2288 401 2318 Acherunta

228 2345 342 2366 reamur

228 2380 296 2413 caeli

227 2438 306 2464 tetra

228 2484 388 2514 nimborum

225 2535 348 2565 cohorta

228 2585 405 2625 Impendant

226 2640 299 2664 atrae

227 2696 362 2724 supernae

224 2740 338 2775 caeptat

224 2795 277 2825 per
290 2796 368 2826 saepe

223 2836 347 2875 nymbus

226 2885 298 2915 caelo

511 754 577 772 cum
590 744 700 783 primus

512 793 717 833 montibusque

512 842 585 872 nihil

512 896 656 925 absistere

514 950 548 974 ut
560 947 622 975 haec

514 1006 602 1034 caper
615 1007 685 1026 acra

515 1044 596 1074 deest

514 1094 593 1124 vasit

515 1144 585 1182 quia

514 1202 638 1231 raraque

514 1241 610 1272 latera
623 1244 721 1274 omnia

514 1292 595 1322 deest

514 1342 621 1371 tollens

513 1393 657 1422 coruscho

513 1441 603 1471 turris

514 1491 641 1521 avellere

514 1540 596 1580 ligna

515 1590 675 1629 trabesque

516 1646 703 1671 monumenta

515 1690 766 1731 commoliriatque
792 1688 952 1717 commoliri
966 1694 1054 1728 atque

518 1738 633 1769 Caetera

515 1792 605 1827 gente

516 1837 567 1875 qui

517 1893 640 1926 possunt

515 1936 596 1966 deest

514 1987 599 2028 gigni

514 2037 697 2076 putandunst

514 2088 657 2117 extractis

513 2137 588 2166 caelo

514 2189 615 2227 procul

512 2238 606 2267 omnis

513 2287 649 2317 adierunt

513 2342 660 2367 arctamur

513 2386 581 2415 caeli

515 2440 593 2465 terra

514 2485 683 2523 nymborum

514 2539 615 2564 coorta

515 2585 691 2625 Impendant

514 2646 589 2664 acrae

514 2695 648 2725 superna:

514 2739 616 2775 ceptas

513 2795 636 2824 persepe

514 2835 637 2873 nymbus

513 2884 584 2915 caelo

796 757 862 776 cum
874 748 986 786 primus

796 797 1001 836 montibusque

796 845 869 875 nihil

798 897 945 926 absistere

798 951 832 975 ut
845 947 908 975 haec

799 1006 887 1035 caper
900 1007 970 1026 acra

798 1045 880 1074 deest

800 1095 879 1124 vasit

800 1145 869 1183 quia

799 1205 924 1234 raraque

800 1244 894 1274 latera
906 1246 1004 1275 omnia

799 1294 881 1323 deest

799 1344 906 1374 tollens

798 1394 942 1422 coruscho

798 1441 888 1470 turris

799 1491 925 1520 avellere

798 1538 880 1578 ligna

800 1589 958 1628 trabesque

799 1644 985 1669 monumenta

800 1738 916 1768 Caetera

799 1792 889 1827 gente

799 1837 850 1876 qui

800 1891 924 1925 possunt

798 1935 879 1965 deest

797 1984 882 2024 gigni

796 2035 990 2073 putandumst

797 2086 940 2116 extractis

797 2135 869 2164 caelo

796 2187 898 2226 procul

797 2239 891 2268 omnis

796 2288 932 2319 adierunt

796 2342 945 2368 arctamur

797 2387 854 2417 celi

796 2442 877 2467 terra

797 2488 967 2526 nymborum

798 2542 899 2567 coorta

798 2587 974 2627 Impendant

797 2648 872 2668 acrae

799 2697 932 2727 supernae

797 2741 900 2776 ceptas

796 2796 920 2826 persepe

797 2836 920 2874 nymbus

799 2884 874 2915 caelo

1081 745 1250 784 cumprimis

1081 795 1296 835 mobilibusque

1082 845 1123 873 nil

1082 895 1228 926 absistere

1083 945 1127 974 uti
1140 956 1175 975 ac

1083 1005 1134 1034 per
1147 1006 1206 1025 aera

1083 1044 1164 1074 deest

1084 1094 1163 1124 vasis

1083 1144 1153 1182 quia

1084 1203 1207 1232 rareque

1084 1244 1179 1273 latera
1191 1244 1288 1274 omnia

1083 1292 1164 1322 deest

1083 1343 1211 1373 candens

1084 1402 1206 1421 corusco

1083 1442 1191 1471 turreis

1084 1493 1211 1522 avellere

1085 1542 1165 1582 ligna

1085 1592 1242 1631 trabesque

1085 1647 1273 1672 monumenta

1083 1691 1216 1721 demoliri
1230 1697 1319 1732 atque

1085 1742 1201 1771 Caetera

1083 1802 1191 1830 genere

1084 1852 1143 1880 qua

1083 1896 1208 1930 possunt

1084 1945 1115 1970 te

1083 1990 1201 2030 gignier

1083 2040 1275 2078 putandumst

1082 2089 1226 2118 extractis

1082 2138 1157 2168 coelo

1082 2189 1184 2228 procul

1081 2240 1176 2269 omnis

1082 2289 1256 2319 Acherunta

1082 2348 1197 2367 reamur

1082 2386 1149 2415 coeli

1081 2440 1161 2466 tetra

1083 2487 1253 2525 nymborum

1082 2540 1185 2565 coorta

1086 2585 1262 2625 Impendunt

1082 2639 1149 2664 atre

1084 2696 1210 2725 superne

1083 2740 1195 2774 coeptat

1084 2796 1206 2826 persepe

1083 2834 1185 2874 nymbi

1083 2884 1156 2914 coelo

1367 760 1432 779 cum
1445 751 1546 790 primis

1366 799 1579 840 mobilibusque

1367 848 1408 877 nil

1368 897 1512 928 obsistere

1367 948 1411 976 uti
1425 958 1461 978 ac

1367 1007 1419 1036 per
1431 1007 1490 1028 aera

1369 1051 1401 1075 ut

1368 1097 1448 1126 vasis

1367 1147 1437 1185 quia

1368 1206 1490 1235 rareque

1367 1245 1544 1275 lateramina

1368 1300 1399 1324 et

1368 1344 1481 1384 pollens

1368 1403 1491 1423 corusco

1369 1443 1477 1472 turreis

1370 1492 1496 1521 avellere

1368 1542 1455 1582 tigna

1370 1593 1538 1632 trabeisque

1369 1647 1558 1672 monumenta

1368 1693 1501 1722 demoliri
1513 1698 1603 1733 atque

1370 1743 1477 1773 Cetera

1368 1802 1477 1832 genere

1369 1853 1428 1881 qua

1369 1893 1484 1932 possint

1368 1947 1398 1972 te

1368 1992 1486 2032 gignier

1368 2041 1573 2080 putandum'st

1366 2091 1527 2120 exstructis

1368 2140 1441 2169 coelo

1367 2189 1469 2228 procul

1367 2239 1479 2268 omneis

1368 2289 1542 2320 Acherunta

1368 2350 1483 2369 reamur

1369 2389 1435 2418 coeli

1368 2443 1459 2468 taetra

1369 2488 1531 2519 nimborum

1368 2543 1469 2568 coorta

1370 2587 1544 2626 Impendent

1369 2642 1446 2667 atrae

1369 2699 1495 2727 superne

1369 2741 1480 2776 coeptat

1369 2795 1504 2826 persaepe

1369 2836 1483 2866 nimbus

1367 2885 1441 2915 coelo
