1967 3314
543 253 760 303 LIBRI
801 253 1094 302 TERTII.

1501 266 1591 309 261

1334 416 1375 436 Ex
1388 416 1552 438 'rvromm-
1590 443 1591 446 Ἴ

453 435 576 455 PAULUS
592 436 726 456 FRIDEN-
751 437 942 457 THEODORUS
958 437 998 456 DE

206 465 406 489 mansimus.
1309 470 1384 490 rmA
1400 469 1579 491 socru-ans
1593 458 1595 461 ’

524 488 658 509 PERGER.
756 490 991 510 RAGAZONXBUS.

1347 522 1541 544 BlPoNnNAE.

736 565 1574 574 --——--——-———-———————

806 591 943 620 Veneriis.
1094 593 1233 625 Veneriis.
1375 594 1474 634 Bipon
1478 592 1511 622 ti.

170 564 728 572 ,κῇ-ᾑ-

236 591 364 622 Brarise.
443 572 450 654 Ι

526 594 656 625 Veronoe.

213 679 286 710 Sine
299 681 329 710 A
333 692 396 712 nno.
550 683 632 712 1486.
834 683 920 711 1495.

1116 687 1129 712 1
1134 688 1200 713 500.

83 775 141 807 976
187 769 208 798 J
210 780 261 799 ure
471 771 540 801 Inte
756 769 824 798 Inte
1039 773 1060 802 J
1063 784 1114 803 ure
1125 798 1130 804 .
1324 775 1344 804 J
1349 786 1399 804 ure

187 820 357 860 incilietque
469 821 629 861 inciletque
753 818 913 858 inciletque
1040 824 1199 864 inciletque
1323 825 1494 866 incilietque

83 876 142 904 978
188 880 310 900 necesse
322 876 370 901 est
470 881 592 901 necesse
603 876 651 902 est
754 878 875 898 necesse
887 873 936 898 est
1040 880 1191 905 necessest
1325 876 1486 906 necesse'st

83 926 140 955 979
187 919 343 959 quisquam
471 920 625 960 quisquam
753 917 910 957 quisquam
1040 924 1195 964 quisquam
1323 925 1481 964 quidquam

187 969 336 999 baratrum
470 970 620 1000 baratrum
754 967 904 997 baratrum
1039 973 1210 1003 barathrum
1323 976 1494 1006 barathrum

186 1019 304 1050 deditur
470 1019 588 1049 deditur
754 1016 872 1046 deditur
1040 1022 1157 1052 deditur
1323 1026 1433 1056 decidit

84 1073 142 1102 980
188 1068 349 1100 Materiem
473 1069 620 1099 Materies
756 1066 902 1097 Materies
1041 1073 1188 1103 Materies
1325 1075 1471 1107 Materies

188 1125 220 1149 ut
472 1128 508 1147 ne
755 1126 790 1144 ue
1040 1127 1073 1152 ut
1323 1128 1357 1154 ut

187 1174 322 1200 crescant
471 1172 607 1198 crescunt
754 1170 889 1196 crescunt
1039 1175 1175 1201 crescant
1323 1179 1459 1205 crescant

185 1220 268 1249 secla
470 1216 550 1246 secla
754 1215 837 1246 secla
1039 1221 1119 1250 secla
1324 1223 1411 1254 saecla

81 1274 135 1303 981
185 1269 259 1302 Quae
470 1267 536 1300 Que
754 1265 821 1299 Que
1039 1271 1114 1304 Quae
1322 1274 1397 1307 Quae

81 1323 139 1352 982
185 1317 248 1346 haec
470 1317 524 1345 hec
753 1315 808 1343 hec
1039 1320 1105 1348 haec
1321 1323 1386 1351 haeo

182 1371 217 1396 tu
469 1365 549 1394 deest
753 1362 835 1392 deest
1038 1372 1101 1397 tum
1321 1381 1398 1401 nunc

79 1421 137 1451 983
183 1415 244 1445 alid
468 1414 548 1443 aliud
753 1414 834 1443 aliud
1038 1416 1100 1446 alid
1322 1420 1382 1450 alid

79 1472 137 1500 981,
182 1465 318 1505 mancpio
469 1464 614 1504 mancipio
752 1464 897 1503 mancipio
1038 1467 1184 1508 mancipio
1321 1471 1477 1511 mancupio

79 1521 136 1550 985
184 1513 258 1542 nihil
468 1513 541 1542 nihil
754 1513 827 1542 nihil
1038 1517 1079 1546 nil
1322 1519 1396 1549 nihil

80 1571 137 1600 989
184 1565 329 1604 Nunquid
469 1564 613 1604 Nunquid
754 1563 898 1603 Nunquid
1039 1566 1121 1596 Num
1135 1567 1206 1607 quid
1324 1569 1405 1598 Num
1419 1571 1490 1610 quid

80 1620 138 1649 990
184 1615 349 1655 Quicquam
468 1613 616 1652 Quiquam
752 1613 900 1652 Qniquam
1038 1617 1194 1656 quicquam
1322 1619 1489 1659 Quidquam

184 1674 253 1694 num
469 1668 530 1693 tam
752 1667 814 1692 tam
1038 1676 1134 1695 nonne
1322 1679 1417 1699 nonne

141 1723 145 1725 ’
184 1714 316 1744 securius
469 1724 590 1743 securus
753 1722 874 1741 securus
1038 1716 1169 1746 securius
1322 1719 1454 1749 securius

183 1769 268 1794 extat
468 1767 553 1792 extat
752 1766 838 1791 extat
1038 1769 1122 1795 extat
1321 1773 1423 1799 exstat

81 1818 135 1848 991
177 1813 288 1853 lAtque
469 1815 570 1853 Atque
754 1812 855 1850 Atque
1037 1816 1081 1845 At
1094 1816 1146 1855 qui
1323 1820 1424 1858 Atque

184 1864 439 1895 animarumetiam
468 1862 629 1892 animarum
635 1863 724 1893 etiam
752 1861 1007 1891 animarumetiam
1037 1864 1198 1895 animarum
1204 1866 1292 1896 etiam
1321 1879 1357 1898 ea
1371 1868 1506 1898 nimirum

184 1924 367 1955 quaecunque
468 1922 640 1951 quecunque
752 1920 924 1950 quecunque
1037 1925 1217 1955 quaecunque
1321 1929 1501 1959 quascunque

185 1963 308 1995 Prodita
470 1962 578 1992 Podita
754 1959 858 1990 Posita
1039 1965 1161 1996 Prodita
1323 1968 1447 1999 Prodita

181 2018 252 2043 sunt
449 2044 451 2047 ¹
468 2012 540 2042 sinit
752 2012 824 2042 sinit
1037 2020 1108 2045 sunt
1321 2022 1391 2048 sunt

78 2069 136 2099 993
182 2063 268 2093 timet
468 2062 556 2092 timec
752 2062 838 2092 timet
1037 2065 1122 2095 timet
1322 2068 1408 2098 timet

182 2123 240 2142 aere
468 2123 536 2142 aere
751 2122 819 2141 aere
1037 2125 1106 2144 aere
1322 2128 1390 2147 aere

78 2169 136 2198 994
180 2163 259 2193 sama
274 2167 322 2194 est
466 2161 577 2192 famast
751 2161 860 2192 famast
1037 2164 1148 2195 famast
1321 2167 1442 2198 fama'st

78 2216 136 2248 996
183 2212 336 2242 Mortales
470 2212 617 2242 Mortales
754 2212 902 2242 Mortales
1039 2215 1197 2246 Mortaleis
1324 2216 1482 2247 Mortaleis

182 2261 268 2291 timet
467 2261 574 2292 timent
751 2262 857 2291 timent
1038 2265 1144 2295 timent
1322 2267 1428 2297 timent

183 2321 270 2349 quem
282 2311 388 2350 cuique
467 2322 554 2351 quem
571 2313 676 2353 cuique
753 2322 839 2351 quem
852 2312 958 2351 cuique
1038 2325 1125 2353 quem
1138 2316 1244 2355 cuique
1322 2326 1525 2357 quemcunque

79 2367 136 2395 997
184 2359 284 2389 ineunt
467 2368 568 2393 meunt
753 2366 888 2392 metuunt
1038 2364 1140 2394 ineunt
1323 2367 1425 2396 ineunt

79 2415 137 2445 998
185 2409 217 2438 N
219 2420 252 2439 ec
266 2411 337 2450 quid
470 2412 592 2452 Nequid
754 2411 875 2450 Nequid
1039 2424 1091 2443 nec
1106 2414 1157 2453 qui
1325 2416 1390 2445 Nec
1403 2416 1482 2455 quod

183 2459 343 2498 quicquam
468 2463 624 2502 quicquam
752 2462 909 2500 quicquam
1038 2463 1195 2502 quicquam
1324 2466 1483 2505 quidquam

79 2514 137 2543 999
183 2513 308 2548 possunt
469 2515 591 2550 possent
752 2515 875 2549 possent
1039 2517 1160 2552 possent
1323 2520 1462 2555 poterunt

62 2563 138 2590 1000
182 2559 317 2598 projectu
469 2571 522 2600 pro
536 2561 596 2590 ictu
753 2569 806 2599 pro
820 2560 880 2589 ictu
1038 2563 1171 2602 projectu
1323 2567 1456 2606 projectu

182 2612 267 2637 extet
469 2614 555 2639 extet
752 2614 837 2639 extet
1040 2617 1123 2642 extet
1323 2619 1423 2645 exstet

62 2661 135 2688 1001
181 2656 324 2696 dispersis
469 2659 611 2698 dispersis
753 2660 897 2700 dispersis
1040 2662 1182 2701 dispersis
1323 2665 1471 2705 dispensis

62 2711 137 2738 1002
182 2706 326 2746 Optineat
469 2709 613 2748 Optineat
754 2710 898 2750 Optineat
1041 2712 1184 2742 obtineat
1326 2715 1468 2745 Obtineat

61 2760 136 2786 1004
181 2756 304 2795 prebere
468 2758 590 2798 prebere
754 2760 875 2799 prebere
1043 2762 1171 2801 praebere
1326 2764 1456 2804 praebere

61 2810 136 2836 1005
181 2807 276 2846 tityus
469 2808 563 2847 tityus
758 2809 851 2848 tityus
1045 2811 1154 2850 Tityus
1329 2814 1436 2854 Tityos

181 2859 213 2885 et
469 2862 502 2887 et
757 2863 789 2889 et
1045 2866 1092 2891 est
1330 2868 1377 2893 est

61 2905 136 2935 1006
181 2905 279 2941 Quam
471 2908 567 2943 Quem
760 2910 855 2944 Quem
1047 2911 1142 2945 Quem
1331 2913 1425 2948 Quem
