1967 3314
321 272 415 313 268

401 1536 419 1616 —10

383 1737 400 1761 »F—
383 1688 400 1712 01
382 1638 400 1662 bl
381 1588 400 1613 (ι)
381 1539 399 1563 (Α

402 1638 421 1762 ΟὈΦ

384 2036 422 2060 44

384 2086 421 2110 45

384 2182 422 2209 46

384 2285 422 2313 47

384 2384 421 2409 48

384 2434 422 2462 49

384 2485 421 2509 50

617 263 1068 313 VARIANTES
1115 262 1551 312 LECTIONES

468 480 645 501 FERRANDU
652 480 675 499 S.

514 605 640 635 Brixiae.

483 697 557 727 Sine
570 696 666 725 Anno.

461 784 679 824 suaviloquenti

462 836 589 878 percipis

464 886 611 929 presentis

465 938 545 967 deest
557 944 661 965 versus

465 1036 545 1065 deest
557 1043 663 1063 versus

466 1085 546 1114 deest
559 1092 664 1112 versus

468 1135 547 1164 deest
560 1142 665 1162 versus

466 1239 584 1275 compta

466 1286 582 1325 vigeret

467 1345 535 1375 quae

467 1384 645 1415 simulachra

467 1447 532 1476 quae

468 1485 642 1514 mcmbranae

469 1536 595 1575 Direpte

468 1591 581 1616 mentes

468 1647 533 1665 cum

469 1685 705 1722 simulachraque

468 1736 546 1770 Quae

470 1783 637 1826 languentis

469 1836 549 1865 deest

468 1887 627 1915 acheronte

470 1934 582 1975 aliquid

470 1994 557 2024 posse

470 2036 624 2074 perempta

470 2081 605 2112 dederint

469 2142 598 2172 quaeque

470 2181 582 2222 effigies

470 2229 626 2270 tenuisque

470 2280 580 2310 cortice

469 2340 567 2360 eorum

470 2381 550 2410 deest
563 2389 667 2409 versus

471 2432 549 2461 deest
562 2440 667 2460 versus

471 2482 550 2511 deest
562 2490 667 2510 versus

563 2531 602 2560 26

567 2584 605 2612 27

469 2635 514 2661 28.
537 2630 652 2660 alterno

470 2685 517 2713 29.
540 2681 635 2721 possit

470 2735 547 2743 nnt-

468 2742 514 2759 ω.
530 2735 577 2760 04.
599 2731 713 2760 Iterum

469 2784 516 2808 48.
538 2780 612 2814 Quae

508 2830 685 2860 membrana:

507 2879 707 2910 nominitanda

526 2933 573 2958 est

467 2983 514 3013 49·
537 2981 661 3020 spetiem
673 2986 703 3011 et

791 503 927 524 PERGER.

790 606 922 635 Veronae.

823 702 835 726 l
841 699 908 727 486.

745 785 963 824 suaviloquenti

748 834 875 875 percipis

748 896 800 925 per
813 885 959 924 presentis

749 935 830 964 deest
845 944 950 963 versus

751 1033 836 1063 deest.
843 1043 948 1063 versus

750 1083 830 1113 deest
843 1093 948 1112 versus

752 1133 831 1163 deest
844 1143 949 1163 versus

752 1239 870 1275 compta

753 1285 853 1325 vigere

752 1344 809 1373 que

752 1384 932 1413 simulachra

752 1434 818 1469 Que

754 1484 921 1513 membrane

754 1535 889 1574 Direptae

754 1588 867 1613 mentes

754 1643 823 1671 qum

755 1682 970 1722 simulacraque

755 1733 821 1767 Que

755 1783 924 1822 languentis

755 1844 825 1873 sepe

755 1883 936 1922 Acherunte]

755 1933 862 1972 aliquis

756 1983 852 2023 possit

756 2037 908 2073 perempta

755 2082 890 2112 dederint

756 2142 871 2171 queque

756 2182 869 2222 effigies

755 2233 911 2272 tenuisque

754 2283 864 2312 cortice

755 2343 855 2362 eorum

756 2383 836 2413 deest
848 2393 952 2413 versus

756 2433 836 2463 deest
848 2443 952 2462 versus

754 2484 835 2514 deest
847 2494 951 2514 versus

851 2535 890 2564 26

852 2587 890 2616 27

753 2637 802 2664 28.
824 2633 938 2663 alterno

755 2688 802 2717 29.
824 2683 919 2724 possit

755 2739 802 2765 33.
817 2739 863 2764 34.
886 2734 997 2763 Iterum

755 2788 802 2814 48.
824 2783 883 2818 Qui

793 2834 970 2864 membrana:

794 2883 995 2913 nominandast

754 2983 879 3023 spetiem
892 2988 923 3013 et

1026 502 1261 523 RAGAZONOEUS.

1080 604 1219 638 Venetiis.

1110 702 1192 731 1495.

1032 798 1123 818 suave·
1136 788 1266 828 loquenti

1034 837 1159 879 percipis

1034 898 1085 927 per
1098 887 1244 927 presentis

1035 936 1115 966 deest
1128 946 1232 965 versus

1036 1035 1116 1065 deest
1128 1045 1233 1065 versus

1037 1085 1117 1115 deest
1129 1096 1235 1115 versus

1036 1135 1117 1165 deest
1129 1146 1234 1165 versus

1037 1241 1155 1276 compta

1037 1287 1137 1326 vigere

1037 1346 1094 1375 que

1038 1385 1196 1416 simulacra

1037 1447 1102 1475 quae

1038 1487 1204 1516 membrane

1039 1535 1175 1576 Direptae

1038 1590 1152 1616 mentes

1038 1647 1107 1675 qum

1039 1686 1254 1725 simulacraque

1041 1737 1107 1771 Que

1040 1787 1209 1827 languentis

1040 1836 1120 1867 deest

1041 1888 1213 1917 Acherunte

1041 1937 1153 1976 aliquid

1041 1998 1128 2027 posse

1041 2041 1193 2077 perempta

1039 2086 1174 2116 dederint

1039 2146 1162 2175 quaeque

1038 2185 1149 2225 effigies

1039 2235 1196 2274 tenuisque

1038 2286 1147 2315 cortice

1040 2346 1138 2364 eorum

1041 2385 1119 2415 deest
1137 2395 1238 2414 versus

1041 2434 1121 2464 deest
1133 2443 1237 2463 versus

1041 2484 1120 2514 deest
1133 2495 1238 2514 versus

1137 2535 1175 2564 26

1137 2588 1175 2616 27

1040 2637 1086 2663 28.
1109 2633 1223 2663 alterno

1040 2689 1086 2717 29.
1109 2684 1204 2724 possit

1039 2739 1085 2763 33.
1101 2738 1148 2764 34.
1170 2734 1284 2763 Iterum.

1038 2790 1085 2815 48.
1107 2786 1181 2820 Quae

1079 2836 1255 2865 membrana!

1076 2885 1281 2915 nominandast

1036 2985 1162 3025 speciem
1173 2990 1203 3015 et

1376 480 1488 501 Annus.

1364 606 1501 637 Venetiis.

1391 699 1473 725 1500.

1313 785 1530 824 suaviloquenti

1316 835 1458 876 perspicis

1316 886 1470 925 praesentis

1318 934 1398 963 deest
1412 943 1515 963 versus

1319 1032 1400 1062 deest
1411 1043 1516 1062 versus

1319 1083 1400 1113 deest
1412 1093 1515 1112 versus

1320 1133 1401 1162 deest
1412 1143 1516 1162 versus

1320 1237 1438 1273 compta

1321 1283 1435 1322 vigeret

1321 1343 1386 1371 quae

1319 1381 1477 1411 simulacra

1321 1443 1386 1471 quae

1321 1483 1498 1511 membrana}

1322 1533 1437 1572 direpte

1322 1582 1446 1612 menteis

1323 1643 1388 1662 cum

1323 1682 1538 1719 simulacraque

1325 1732 1401 1766 Quae

1325 1781 1511 1823 languenteis

1325 1833 1405 1862 deest

1324 1884 1496 1913 Acherunte

1325 1932 1435 1972 aliquid

1323 1993 1410 2023 posse

1323 2036 1476 2072 perempta

1322 2081 1457 2112 dederint

1322 2141 1449 2172 quaeque

1322 2182 1434 2220 effigies

1322 2236 1485 2269 tenuesque

1322 2282 1429 2311 vortice

1322 2342 1421 2361 earum

1324 2386 1402 2412 dves!
1419 2392 1521 2412 versus

1321 2435 1402 2464 deest
1413 2444 1517 2463 versus

1322 2483 1402 2514 deest
1415 2493 1519 2513 versus

1419 2535 1459 2564 26

1419 2588 1457 2616 27

1321 2638 1369 2665 28.
1390 2634 1504 2664 alterno

1322 2690 1370 2718 29.
1391 2684 1488 2725 possit

1322 2739 1368 2765 33.
1384 2739 1433 2764 34.
1452 2735 1566 2764 Iterum

1322 2789 1369 2814 48.
1391 2785 1466 2819 Quae

1359 2834 1537 2863 membranae

1359 2883 1537 2913 nominican-

1377 2932 1446 2962 dast

1321 2982 1450 3024 speciem
1464 2986 1495 3012 et

427 404 433 445 Ι
710 403 715 443 Ι
1280 393 1285 439 Ι
1567 391 1573 438 ἰ
1603 426 1644 445 Ex
1655 426 1821 448 TYPOGRA.

721 449 843 469 PAULUS
858 447 994 468 PRIDEN-
1019 447 1210 469 THEODORUS
1225 448 1266 468 DE

1578 479 1655 499 PHIA
1671 480 1851 502 socm‘rA'tIs

1621 533 1816 556 BlPONTlNAE.

1651 606 1784 648 Biponti.

440 667 709 673 ἡ..
730 666 999 675 -————·
1019 668 1850 676 ——..-—.-———-——.————-

1676 700 1759 729 1782.

1599 787 1815 826 suaviloquenti

1600 837 1743 876 perspicis

1601 887 1747 926 persentis

1605 935 1662 964 Sed
1696 936 1843 974 quoniam,

1635 985 1690 1016 &a

1602 1035 1711 1070 Qualia
1719 1035 1789 1070 sint,
1799 1037 1856 1066 &e-

1604 1086 1715 1125 Sponte
1725 1097 1788 1121 sua,
1800 1086 1857 1116 &e-

1602 1136 1728 1175 Quoque
1761 1135 1858 1171 modo,

1637 1185 1695 1214 διο.

1604 1239 1702 1265 comta

1604 1285 1719 1326 vigeret

1604 1345 1669 1373 quae

1604 1383 1762 1413 simuiacra

1604 1444 1669 1473 quae

1605 1484 1782 1514 membranae

1608 1534 1749 1573 Dereptae

1607 1582 1731 1613 menteis

1607 1645 1673 1663 cum

1607 1684 1820 1724 simulacraque

1606 1735 1683 1769 Quae

1607 1784 1794 1824 languenteis

1606 1833 1687 1863 deest

1608 1884 1780 1913 Acherunte

1607 1932 1719 1972 aliquid

1606 1993 1693 2023 posse

1605 2037 1738 2071 peremta

1604 2081 1748 2110 dederunt

1604 2140 1729 2169 qnaeque

1603 2181 1728 2221 effligias

1603 2231 1778 2271 tenueisque

1604 2292 1726 2322 corpore

1605 2343 1704 2362 earum

1605 2381 1692 2417 Quae,
1704 2381 1761 2411 &c-

1604 2431 1703 2466 Quod,
1718 2431 1773 2461 διο.

1604 2483 1841 2523 Quojuscunque.

1802 2522 1856 2551 &c-

1603 2637 1713 2668 aeterno

1603 2683 1717 2725 possint

1601 2781 1676 2816 Quae

1641 2831 1810 2861 membrana

1641 2880 1818 2910 nominitan-

1661 2930 1741 2960 da'st

1603 2981 1729 3022 speciem
1744 2990 1779 3011 ac
