1967 3314
328 280 423 322 336
622 272 1084 323 VARIANTES
1123 273 1562 324 LECTIONES

1602 437 1621 456 Ε
1625 436 1643 456 X
1655 436 1695 456 TY
1699 435 1757 456 Poe
1761 435 1821 456 RA-

1575 491 1615 510 PR
1619 491 1653 510 ΙΛ
1669 490 1849 510 socuz'rATls

717 455 838 475 PACLUS
854 455 989 474 PRIDEN-
1015 455 1207 476 'rl-n-:onoucs
1222 456 1262 475 DE

465 486 669 507 FERRANDUS.
1365 490 1478 511 ALDL'S.

785 508 866 528 PERG
874 509 926 529 ER.
1020 508 1256 530 RAGAzoxmus.

1616 545 1812 565 BH‘ONTKNAE.

431 583 1561 596 —-————-————--————.————-
1577 587 1841 596 ξω*-

501 611 628 641 Brixiae.
790 612 882 642 Veron
886 623 919 644 ιε.
1074 613 1212 643 Venetiis.
1355 612 1458 642 Veneti
1460 612 1492 643 ἰε.
1644 618 1744 659 Bipon
1748 617 1781 647 ti.

355 657 396 687 V.

473 701 547 731 Sine
560 702 658 731 Anno.
810 707 891 736 1480.
1099 706 1180 735 1495.
1386 706 1468 732 1500.
1670 711 1755 741 1782.

453 791 591 831 Namque
735 795 874 834 Namque
1021 791 1160 831 Namque
1308 791 1437 832 Nanque
1593 795 1732 834 Namque

451 841 532 871 aliud
734 843 816 873 deest
1020 841 1100 870 deest
1307 841 1387 871 aliud
1591 844 1672 873 aliud

451 901 508 921 evo
733 902 797 922 aevo
1020 900 1086 920 aevo
1306 902 1329 919 a:
1334 901 1370 920 ru
1591 903 1655 922 aevo

451 939 573 979 languet
735 940 843 981 langue
1021 940 1129 980 langue
1308 939 1430 979 languet
1591 942 1714 982 languet

451 990 558 1018 crescit
735 991 843 1021 crescit
1020 990 1128 1020 crescit
1307 990 1472 1020 concrescit
1591 991 1756 1022 concrescit

452 1037 532 1067 deest
735 1040 815 1070 deest
1021 1039 1101 1068 deest
1307 1051 1324 1068 e
1591 1052 1608 1070 e

451 1088 690 1129 contemptilibus
734 1092 945 1122 contentilibus
1020 1090 1229 1120 contentilibus
1307 1089 1524 1130 contemptibus
1592 1091 1788 1121 contemtibus

1592 1152 1629 1171 ex
1642 1142 1702 1172 alio

1592 1198 1655 1223 tum

1307 1149 1343 1168 ex
1359 1139 1419 1169 alio

1307 1193 1369 1218 tum

1021 1140 1111 1170 exilio

1021 1201 1086 1219 cum

451 1149 489 1168 ex
503 1139 562 1168 alio
735 1140 827 1170 exilio

452 1200 518 1219 cum

734 1201 800 1220 cum

452 1239 568 1270 Conata
581 1245 629 1271 est
735 1240 890 1271 Concitast
1021 1239 1176 1270 Concitast
1307 1243 1444 1269 conatast
1593 1241 1750 1271 Conata'st

450 1289 526 1319 facie
733 1289 806 1320 facit
1019 1291 1093 1320 facit
1306 1288 1383 1318 facie
1591 1290 1668 1320 facie

450 1340 573 1370 cohorta
733 1344 834 1370 coorta
1020 1346 1121 1371 coorta
1307 1343 1408 1368 coorta
1593 1345 1696 1371 coorta

450 1390 651 1430 Androginem
733 1391 936 1432 Androginem
1018 1392 1219 1431 Androginem
1306 1388 1520 1427 Androgynum
1593 1391 1807 1430 Androgynum

451 1439 528 1469 inter
543 1445 626 1471 utras
732 1442 893 1471 interutras
1020 1442 1180 1472 interutras
1306 1437 1382 1466 intel*
1397 1442 1479 1466 ΜΝΞ
1593 1440 1669 1470 inter
1684 1444 1781 1469 utrum

452 1494 604 1530 utramque
733 1497 879 1532 utranque
1018 1497 1164 1531 utrunque
1307 1492 1353 1516 uti*
1358 1498 1453 1526 unque
1593 1495 1748 1529 utrumque

449 1538 529 1568 deest
734 1541 814 1571 deest
1019 1542 1099 1572 deest
1305 1541 1336 1566 et
1592 1544 1624 1570 et

450 1589 587 1628 utrinque
733 1596 880 1631 utrunque
1019 1597 1177 1630 utrumquo
1308 1592 1455 1625 utrunque
1592 1589 1730 1628 utrinque

449 1637 571 1668 viduata
732 1641 855 1671 induata
1019 1641 1142 1671 induata
1307 1637 1427 1666 viduata
1593 1639 1715 1669 viduata

449 1687 533 1716 vultu
733 1691 817 1721 vultu
1020 1691 1104 1720 vultu
1308 1688 1392 1718 vultu
1593 1689 1676 1719 voltu

448 1737 573 1767 adhaesa
733 1742 771 1771 ad
785 1742 861 1772 hesu
1021 1740 1059 1770 ad
1074 1741 1148 1770 besu
1308 1738 1429 1768 adhaesu
1593 1738 1718 1768 adhaesu

449 1787 606 1827 quicquam
733 1790 890 1831 quicquam
1020 1790 1177 1829 quicquam
1307 1788 1464 1828 quicquam
1593 1787 1752 1828 quidquam

449 1837 553 1867 cedere
733 1840 838 1870 cedere
1020 1839 1140 1868 credere
1307 1838 1411 1867 cedere
1594 1838 1698 1868 cedere

449 1897 594 1917 summere
734 1901 850 1920 sumere
1020 1900 1137 1919 sumere
1306 1897 1422 1917 sumere
1593 1899 1708 1919 sumere

450 1935 530 1966 volet
734 1940 814 1971 volet
1020 1939 1100 1968 volet
1307 1937 1387 1967 volet
1592 1937 1669 1967 foret

450 1986 566 2016 Caetera
735 1990 854 2020 Caetera
1021 1988 1140 2017 Caetera
1306 1987 1426 2017 Caetera
1593 1987 1702 2018 Cetera

451 2034 501 2064 Ne
515 2035 672 2076 quicquam
736 2040 785 2069 Ne
800 2040 957 2079 quicquam
1021 2037 1072 2067 Ne
1085 2038 1243 2078 quicquam
1306 2037 1499 2077 nequicquam
1594 2036 1805 2076 Nequidquam

450 2085 596 2116 absteruit
734 2089 896 2120 absterruit
1020 2087 1182 2117 absterruit
1306 2086 1468 2116 absterruit
1592 2086 1752 2117 absterruit

449 2141 572 2176 potuere
734 2142 823 2178 potue
1019 2142 1108 2175 potue
1305 2141 1427 2176 potuere
1591 2140 1714 2176 potuere

450 2186 583 2226 cupitum
734 2193 852 2229 captum
1020 2191 1139 2226 captum
1305 2185 1437 2224 cupitum
1592 2186 1724 2227 cupitum

450 2244 504 2264 nec
734 2243 768 2268 ut
1020 2240 1053 2264 ut
1308 2245 1361 2264 nec
1594 2247 1649 2266 nec

443 2285 533 2325 jungi
735 2287 816 2327 vingi
1020 2285 1103 2326 vingi
1299 2285 1386 2324 jungi
1585 2287 1675 2327 jungi

449 2335 609 2375 procudere
735 2337 908 2376 procludere
1020 2335 1191 2376 procludere
1303 2334 1464 2373 procudere
1591 2337 1752 2375 producere

448 2385 530 2415 secla
734 2386 816 2417 secla
1019 2385 1101 2415 secla
1303 2383 1384 2413 secla
1591 2384 1680 2415 saecla

449 2445 508 2474 qua
734 2447 794 2475 qua
1020 2445 1078 2474 qua
1304 2444 1370 2472 quae
1592 2445 1652 2476 qua

451 2483 586 2514 Foemiua
601 2495 667 2524 quae
735 2486 869 2516 Foemina
881 2497 945 2526 quae
1020 2484 1153 2514 Foemina
1166 2493 1234 2524 quae
1311 2482 1444 2512 Foemina
1458 2493 1524 2522 quae
1594 2484 1775 2525 Feminaque

448 2534 578 2565 maribus
733 2536 762 2565 in
779 2536 858 2566 arvis
1017 2536 1047 2564 in
1061 2534 1140 2565 arvis
1305 2533 1434 2563 maribus
1591 2535 1720 2565 maribus

448 2585 588 2626 conjungi
732 2586 851 2626 conjugi
1018 2585 1137 2625 conjugi
1305 2583 1442 2625 conjungi
1591 2583 1729 2625 conjungi

447 2634 557 2665 habere
731 2635 842 2665 habere
1017 2635 1127 2664 habere
1305 2633 1414 2663 habere
1591 2632 1758 2663 habendum

447 2685 498 2724 qui
731 2685 781 2725 qui
1017 2683 1068 2723 qui
1304 2683 1371 2723 quis
1591 2683 1674 2723 queis

447 2739 579 2765 metuent
731 2738 864 2766 metuent
1017 2738 1149 2763 metuent
1303 2737 1425 2763 nectent
1590 2735 1711 2762 nectant

447 2788 572 2823 uterque
730 2788 855 2825 uterque
1018 2788 1142 2823 uterque
1304 2788 1428 2823 uterque
1590 2780 1723 2820 utrisque

449 2833 608 2872 Multaque
731 2834 882 2873 Mutaque
1020 2833 1167 2872 Mutaque
1306 2832 1465 2871 Multaque
1591 2829 1750 2870 Multaque

446 2882 596 2912 interiisse
730 2883 844 2913 interiis
1018 2883 1047 2912 in
1061 2883 1144 2913 aeriis
1303 2880 1436 2912 interiise
1588 2879 1738 2911 interiisse

445 2931 526 2963 secla
731 2932 811 2963 secla
1018 2933 1099 2962 secla
1303 2930 1385 2961 secla
1590 2929 1683 2961 saecla
