1967 3314
112 1183 170 1212 207

113 1233 171 1258 208

112 1283 170 1311 209

113 1332 171 1357 210

75 1456 83 1460 „
113 1432 169 1457 211

114 1482 172 1508 213

116 1631 173 1657 215

116 1728 174 1756 216

117 1781 175 1810 217

118 1831 176 1856 218

118 1931 175 1960 219

118 2080 177 2106 220

119 2131 177 2156 222

121 2230 179 2256 224,

120 2279 178 2306 225

120 2329 178 2357 227

122 2429 180 2455 228

125 2830 180 2856 231

234 426 436 448 FERRANDUS.

266 549 399 579 Bn'xiae.

239 638 312 668 Sine
325 639 424 668 Anno.

257 779 371 808 flamme

218 838 367 868 cxpressae

218 890 384 918 quanquam

217 929 246 958 in
260 940 291 959 se
305 935 352 959 est

217 980 323 1009 ducere

217 1028 283 1058 coeli

218 1078 342 1108 sublime

218 1127 345 1157 volantis

218 1177 367 1207 flamarum

218 1232 318 1266 partes

218 1277 316 1306 sidera

217 1325 345 1365 dissipat

218 1376 311 1406 omnis

218 1426 312 1466 partis

219 1477 476 1516 Transversosque

221 1576 321 1606 imbris

221 1625 354 1655 flammea

222 1674 310 1715 volgo

222 1725 362 1755 habemus

223 1784 288 1803 cum

223 1824 335 1854 incerto

224 1874 314 1904 firmae

225 1924 408 1965 Incertisque

223 1975 320 2014 spatio

224 2024 370 2063 depellere

224 2074 372 2104 minimum

226 2125 339 2154 Imbres
353 2130 387 2154 ut

224 2180 310 2215 gutte

224 2225 297 2254 nihil

225 2275 318 2305 credit

227 2335 264 2354 ex
277 2335 382 2365 supero

226 2375 323 2415 plagis

228 2436 294 2464 quae

227 2476 322 2514 possit

230 2525 369 2566 genitalis

228 2581 325 2606 motus

229 2627 342 2656 recedit

229 2687 301 2716 quec
306 2687 401 2716 unque

230 2737 299 2756 aera

230 2777 310 2806 deest

233 2828 299 2857 Hec

230 2887 350 2907 necesse
363 2883 409 2907 est

243 2940 327 2971 Vox„
345 2940 405 2971 lv.

559 214 776 264 LIBRI
824 214 1177 265 SECUNDI.

485 396 605 417 PAULUS
622 397 755 417 FRIDEN·
780 397 971 417 THEODORUS
985 397 1026 416 DE

548 451 685 472 PERGER.

547 554 678 585 Veronae.

217 738 332 767 quoque
353 729 460 758 debent
501 742 616 771 quoque
636 733 746 763 debent

539 781 632 811 flamae

501 842 642 871 expresse

501 893 667 922 quanquam

502 932 580 962 inest

502 981 608 1011 ducere

501 1031 569 1060 caeli

503 1081 558 1110 sub
570 1081 638 1111 lune

504 1130 630 1160 volantis

502 1180 653 1210 flamarum

503 1235 603 1269 partes

504 1281 611 1320 sydera

503 1331 629 1370 dissipat

504 1381 597 1410 omnis

504 1430 599 1470 partis

506 1481 617 1510 Terras
634 1491 749 1511 versos-

539 1540 596 1568 que

506 1579 608 1608 imbris

507 1628 611 1657 flamea

508 1678 595 1718 volgo

508 1728 649 1758 habemus

509 1789 578 1817 qum

509 1829 539 1858 in
553 1834 633 1859 certo

509 1879 590 1907 firme

511 1928 547 1957 In
560 1929 707 1968 certisque

510 1978 610 2017 spacio

510 2028 656 2068 depellere

510 2078 659 2108 minimum

511 2129 623 2159 Imbres
637 2135 671 2159 ut

508 2184 606 2219 guttae

510 2229 584 2258 nihil

511 2279 605 2309 credit

512 2339 643 2369 exupero

513 2380 609 2419 plagis

513 2440 570 2468 que

513 2479 609 2518 possit

514 2528 652 2568 genitalis

514 2582 611 2607 motus

515 2627 635 2656 recedat

515 2675 595 2705 deest

516 2736 604 2754 aerea

516 2785 688 2814 quecunque

519 2826 586 2855 Hec

517 2887 638 2907 necesse
651 2880 698 2906 est

787 451 1020 471 RAGAZONIBUS.

832 552 969 582 Venetiis.

1130 428 1242 448 ALDUS.

1124 553 1262 585 Venetiis.

1150 646 1233 671 1500.

1536 222 1623 262 201

1369 372 1386 392 E
1392 372 1411 391 X
1422 373 1585 394 TYPOGRA-

1337 426 1417 446 PHIA
1433 426 1612 448 soell-:TATIS

1379 480 1574 500 BIPONTINAE.

1402 550 1538 590 Biponti.

1438 642 1452 668 1
1457 642 1520 671 782.

787 741 903 770 quoque
924 732 1032 763 debent
1075 727 1184 758 debent
1202 729 1326 760 flammae
1362 725 1471 756 debent
1485 726 1607 755 flammae

827 780 920 810 flamae

786 841 928 871 expresse

789 892 955 921 quanquam

789 930 868 960 inest

789 981 895 1010 ducere

790 1029 857 1059 caeli

790 1080 845 1108 sub
858 1079 937 1109 lunae

790 1129 918 1158 volantis

790 1177 940 1207 flamarum

791 1233 889 1267 partes

789 1277 897 1315 sydera

790 1325 917 1365 dissipat

790 1375 884 1405 omnis

791 1424 884 1464 partis

791 1477 1049 1516 Transversosque

794 1577 894 1606 imbris

794 1627 898 1656 flamea

795 1677 884 1716 vulgo

795 1727 937 1756 habemus

795 1787 864 1815 qum

796 1826 826 1855 in
839 1831 922 1856 certo

796 1875 876 1904 firme

798 1926 833 1954 In
847 1925 994 1964 certisque

795 1974 897 2014 spacio

795 2023 941 2062 depellere

795 2073 944 2102 minimum

798 2124 910 2153 Imbres
924 2128 958 2153 ut

797 2178 892 2213 g‘uttae

798 2223 871 2252 nihil

798 2272 892 2302 credit

798 2332 927 2362 exupero

799 2372 897 2412 plagis

801 2433 864 2461 que,

801 2471 896 2511 possit

801 2522 941 2563 genitalis

801 2578 897 2602 motus

802 2623 921 2653 recedat

802 2672 882 2701 deest

803 2733 873 2752 aera

803 2781 974 2811 quecunque

807 2824 873 2853 Hec

805 2883 925 2904 necesse
936 2877 983 2903 est

788 2937 847 2967 Cc

1115 789 1230 818 quoque

1076 838 1227 868 expressae

1076 888 1244 917 quanquam

1077 926 1106 955 in
1120 937 1152 956 se
1165 934 1213 958 est

1076 975 1220 1006 deducere

1077 1026 1141 1055 caeli

1076 1075 1200 1105 sublime

1077 1125 1222 1155 volanteis

1077 1175 1257 1205 flammarum

1077 1226 1187 1264 parteis

1078 1274 1175 1303 sidera

1078 1322 1204 1362 dissipat

1078 1372 1189 1402 omneis

1079 1423 1191 1461 parteis

1079 1472 1336 1512 Transversosque

1082 1573 1200 1602 imbreis

1081 1623 1215 1653 flammea

1082 1673 1170 1712 volgo

1082 1733 1202 1752 avemus

1083 1783 1148 1801 cum

1082 1823 1195 1852 incerto

1083 1873 1173 1901 ferme

1085 1922 1270 1961 Incertisque
1310 1942 1315 1944 -

1083 1971 1183 2012 spatio

1087 2032 1119 2050 se
1134 2020 1243 2060 pellere

1083 2070 1232 2100 minimum

1087 2119 1194 2149 Imbris
1207 2120 1252 2150 uti

1085 2175 1180 2211 guttae

1085 2221 1127 2250 nil

1084 2271 1187 2301 credat

1085 2331 1102 2348 e
1119 2330 1226 2359 supero

1086 2370 1184 2409 plagis

1086 2430 1152 2458 quae

1087 2468 1203 2508 possint

1086 2518 1244 2559 genitaleis

1087 2578 1183 2597 mores

1088 2618 1200 2648 recedit

1088 2677 1270 2707 quaecunque

1089 2729 1159 2748 aera

1089 2768 1168 2797 deest

1092 2819 1167 2847 Haec

1089 2872 1242 2899 necessest

1401 787 1517 815 quoque

1363 836 1512 865 expressae

1365 886 1543 916 quamquam

1366 926 1395 955 in
1409 926 1484 956 se'st

1365 975 1509 1006 deducere

1365 1026 1431 1056 coeli

1365 1075 1488 1106 sublime

1366 1125 1510 1156 volanteis

1365 1174 1546 1204 flammarum

1366 1223 1477 1263 parteis

1366 1274 1464 1303 sidera

1366 1324 1503 1362 dissupat

1367 1372 1479 1402 omneis

1367 1423 1479 1462 parteis

1369 1473 1627 1512 Transversosque

1370 1573 1478 1602 imbres

1370 1623 1504 1653 flammea

1371 1673 1458 1713 volgo

1371 1733 1491 1752 avemus

1372 1784 1437 1802 cum

1371 1823 1484 1853 incerto

1371 1872 1461 1901 ferme

1373 1921 1558 1960 lacertisque

1371 1970 1469 2010 spatio

1371 2021 1512 2051 decedere

1373 2072 1497 2101 Momen

1373 2122 1480 2152 Imbris
1495 2122 1541 2151 uti

1372 2176 1467 2213 guttae

1372 2221 1414 2251 nil

1372 2270 1466 2300 credit

1372 2332 1389 2350 e
1403 2329 1508 2359 supero

1373 2370 1478 2410 plagas

1374 2429 1439 2458 quae

1374 2467 1490 2508 possint

1374 2515 1532 2557 genitaleis

1374 2571 1470 2596 motus

1374 2615 1487 2645 recedit

1375 2675 1556 2706 quaecunque

1374 2726 1445 2747 aera

1375 2765 1456 2795 deest

1379 2816 1455 2845 Haec

1378 2863 1540 2897 necesse'st
