1967 3314
596 244 806 293 LIBRI
849 243 1146 301 QUINTI.

1518 255 1611 297 349

94 1209 105 1234 l
110 1210 168 1236 240

92 1407 166 1434 1242

92 1457 166 1483 1243

92 1507 166 1536 1247

94 1605 167 1631 1248

94 1655 167 1682 1249

96 1705 168 1730 1250

96 1803 164 1829 1251

94 1904 168 1930 1252

93 2104 168 2130 1253

95 2152 168 2180 1256

95 2252 168 2281 1257

96 2301 170 2326 1258

97 2401 170 2429 1259

98 2447 167 2475 1261

97 2546 171 2574 1263

97 2647 170 2675 1265

97 2697 171 2725 1266

229 458 431 481 FERRANDUS.

263 582 391 613 Brixiae.

227 674 300 704 Sine
319 676 348 704 A
353 686 418 705 nno.

212 760 303 791 fascis

215 821 332 840 secures

216 861 421 901 Concusseque

215 910 295 940 secla

216 962 317 999 Atque

214 1009 373 1049 potestatis

216 1060 292 1089 vires

215 1120 280 1149 quae

215 1164 321 1188 cuncta

215 1214 351 1249 superest

215 1259 295 1289 deest

215 1320 300 1348 aeque

214 1363 362 1398 repertum
374 1363 421 1389 est

214 1407 343 1448 ingentis

213 1457 277 1486 caeli

215 1506 333 1547 pinguis

214 1556 335 1585 reddere

215 1605 359 1635 ditescere

216 1655 297 1694 prius

216 1706 320 1745 saepire

216 1756 395 1794 canibusque

216 1805 364 1844 Quicquid

216 1855 366 1884 flammeus

218 1903 378 1932 Horribilis

215 1952 329 1982 sonitus

216 2002 375 2032 excederat

215 2052 284 2082 altis

215 2103 244 2131 A

217 2162 284 2190 <1¹1ae

215 2212 280 2230 curn

214 2256 310 2280 terras

217 2300 308 2340 capiti

217 2348 332 2387 levique

221 2396 359 2426 videbant

220 2457 270 2476 eos

219 2495 316 2525 calore

219 2546 351 2584 quamvis

219 2601 305 2625 acuta

219 2644 354 2673 excidere

221 2694 438 2733 Materiemque

219 2744 318 2774 dolare

219 2795 316 2824 levare

221 2844 301 2874 deest

220 2893 321 2935 lingua

480 427 601 447 PAULUS
613 427 749 447 FRIDEN·
769 428 965 448 THEODORUS
979 428 1020 447 DE

544 481 680 501 PERGER.

574 671 658 699 1486.

496 758 586 788 fascis

497 818 614 838 secures

498 858 704 896 Concusseque

498 908 579 938 secla

499 958 603 996 Aeque

498 1007 656 1046 potestatis

492 1057 570 1097 juris

499 1117 556 1146 que

499 1163 588 1186 cunta

498 1216 586 1245 super
600 1209 647 1235 est

498 1254 577 1284 deest

497 1314 583 1343 aeque

497 1357 675 1392 repertumst

497 1402 626 1442 ingentis

497 1452 561 1482 caeli

497 1502 615 1542 pinguis

498 1554 586 1581 redde

498 1603 614 1632 deteste
627 1613 644 1631 e

500 1653 591 1692 privis

499 1702 603 1741 saepire

499 1752 676 1790 cambusque

500 1801 646 1840 Quicquid

500 1850 650 1880 flamineus

503 1900 660 1930 Horribilis

499 1950 613 1979 sonitus

498 2000 637 2028 exederat

499 2049 568 2079 altis

499 2100 528 2127 A

498 2158 554 2186 que

498 2208 569 2237 qum

498 2251 594 2277 terras

499 2298 579 2336 capti

500 2348 614 2388 levique

502 2398 641 2427 videbunt

502 2457 549 2475 res

502 2497 598 2526 calore

502 2546 635 2584 quamvis

502 2600 590 2624 cauta

503 2649 533 2674 et
546 2644 657 2674 caedere

505 2694 720 2734 Materiemque

502 2743 599 2773 delere

503 2792 599 2822 levare

503 2842 582 2872 deest

501 2893 587 2934 signa

779 482 1013 502 RAGAZONIBUS.

829 588 856 615 V
852 584 967 614 enetiz's.

857 678 942 706 1495.

779 763 870 793 fascis

779 824 897 843 secures

781 863 988 902 Concusscque

780 913 860 943 secla

781 964 885 1001 Aeque

780 1011 938 1051 potestatis

774 1061 854 1100 juris

780 1121 845 1149 quae

780 1163 886 1189 cuncta

781 1219 868 1249 super
881 1213 928 1238 est

780 1258 860 1287 deest

780 1318 862 1346 aeque

778 1361 957 1396 repertumst

779 1407 908 1447 ingentis

779 1456 846 1485 caeli

780 1506 897 1546 pinguis

781 1556 869 1584 redde

781 1604 929 1633 detestere

781 1654 873 1693 privis

781 1703 887 1744 saepire

781 1755 959 1793 canibusque

780 1803 927 1842 Quicquid

781 1854 932 1883 flamineus

784 1904 942 1933 Horribilis
967 1940 973 1952 s

780 1954 894 1983 sonitus

781 2004 920 2033 exederat

781 2053 850 2083 altis

781 2105 811 2131 A

781 2163 838 2192 que
856 2160 858 2165 “

781 2213 848 2241 qum

781 2257 876 2281 terras

782 2302 861 2341 capti

782 2353 897 2392 levique

782 2401 922 2432 videbunt

783 2461 830 2479 res

783 2499 879 2528 calore

782 2550 915 2588 quamvis

783 2603 870 2628 cauta

782 2653 812 2678 et
825 2648 936 2678 caedere

786 2698 1002 2738 Materiemque

783 2747 881 2776 delere

784 2796 881 2825 levare

784 2845 864 2875 deest

784 2894 871 2935 signa

1128 456 1241 478 ALDUS.

1114 578 1251 610 Venetiis.

1142 673 1156 698 1
1161 673 1228 699 500.

1063 759 1171 789 fasceis

1063 809 1191 838 secureis

1063 860 1281 899 Coneussaeque

1062 909 1142 938 secla

1062 961 1163 999 Atque

1062 1009 1219 1048 potestatis

1062 1058 1149 1087 vireis

1062 1118 1128 1147 quae

1062 1162 1168 1188 cuncta

1062 1218 1150 1247 super
1163 1212 1210 1238 est

1063 1267 1103 1286 aes

1063 1311 1153 1345 atque

1061 1360 1240 1395 repertumst

1062 1405 1209 1445 ingenteis

1062 1454 1130 1484 caeli

1062 1504 1197 1545 pingueis

1064 1553 1184 1583 reddere

1065 1603 1209 1632 ditescere

1063 1653 1143 1692 prius

1063 1703 1167 1742 saepire

1063 1753 1243 1792 canibusque

1064 1802 1212 1842 Quicquid

1065 1851 1213 1880 flammeus

1070 1902 1213 1931 Horribili

1064 1952 1163 1981 sonitu

1064 2001 1204 2030 exederat

1064 2049 1140 2079 altas

1064 2111 1083 2129 a

1066 2160 1134 2189 quae

1064 2211 1130 2230 cum

1064 2255 1159 2280 terras

1065 2301 1145 2340 capti

1065 2349 1180 2388 levique

1067 2401 1204 2430 videbant

1064 2461 1114 2479 eos

1064 2501 1164 2529 favore

1065 2560 1152 2589 quam
1166 2548 1210 2578 vis

1065 2602 1153 2628 acuta

1065 2648 1199 2677 excidere

1068 2697 1284 2737 Materiemque

1065 2747 1164 2776 dolare

1065 2797 1145 2826 deest

1066 2847 1143 2876 levia

1066 2896 1149 2936 tigna

1362 406 1400 425 EX
1410 407 1573 429 TYPOGRA-

1332 459 1409 478 Pl-uA
1424 460 1602 484 SOCIETATIS

1371 513 1566 534 BIPONTINAE.

1401 580 1533 621 Biponti.

1429 674 1515 703 1782.

1347 756 1454 788 fasceis

1347 808 1475 838 secureis

1348 857 1562 898 Concussaeque

1346 907 1434 936 saecla

1346 957 1447 995 Atque

1345 1010 1509 1044 potestates

1346 1055 1433 1086 vireis

1345 1116 1410 1145 quae

1345 1159 1452 1185 cuncta

1345 1209 1481 1245 superest

1345 1265 1386 1284 aes

1347 1309 1436 1343 atque

1345 1355 1536 1394 repertum'st

1346 1403 1493 1444 ingenteis

1347 1453 1412 1483 coeli

1347 1503 1482 1544 pingueis

1347 1554 1468 1583 reddere

1345 1604 1489 1633 ditescere

1346 1654 1427 1692 prius

1346 1703 1441 1742 sepire

1346 1752 1528 1792 canibusque

1348 1802 1499 1842 Quidquid

1349 1851 1498 1882 flammeus

1351 1901 1496 1930 Horribili

1348 1951 1447 1980 sonitu

1347 2000 1487 2030 exederat

1347 2049 1416 2079 altis

1347 2099 1397 2128 Ab

1347 2158 1412 2186 quae

1347 2207 1412 2226 cum

1348 2246 1435 2276 terris

1347 2296 1427 2336 capti

1348 2346 1470 2385 laevique

1347 2396 1485 2425 videbant

1347 2456 1397 2475 eos

1346 2496 1442 2525 calore

1346 2547 1480 2585 quamvis

1346 2600 1435 2625 acuta

1346 2645 1482 2674 excidere

1348 2696 1507 2725 Materiem

1347 2745 1452 2787 laevare

1346 2795 1446 2824 dolare

1345 2844 1425 2874 deest

1347 2895 1430 2936 tigna
