1967 3314
339 246 434 287 452
764 232 1392 284 ANNOTATIONES

510 373 578 404 295
603 368 729 403 Incidit
745 368 782 402 in
798 368 941 402 validam
955 372 1094 401 maturo
1107 365 1253 401 fulmine
1269 367 1415 401 nubem:

387 443 487 485 Lego,
504 443 678 484 gravidam,
693 453 720 472 v.
741 445 812 473 258.
837 442 888 472 Sic
902 441 1039 472 dicimus
1052 447 1189 480 partum,
1206 440 1330 479 suetum,
1345 445 1519 472 maturum:
1537 449 1565 470 v.
1580 443 1651 471 459.

505 549 566 576 321
595 541 645 575 At
661 540 839 586 tepefacta
855 546 972 574 tamen
990 538 1109 574 veniat
1126 538 1312 574 commista
1327 539 1447 574 calore.

385 621 489 657 Quem
504 632 541 652 cx
557 621 621 660 ipse
637 620 707 650 a‘ere
720 620 919 651 nanciscitur.
936 630 962 650 v.
979 623 1052 650 304.

508 726 573 754 348
601 719 727 760 Multa,
743 717 969 753 foraminibus
985 718 1116 763 liquidis
1132 716 1213 762 quia
1228 715 1379 752 travolat
1395 715 1494 762 ignis.

386 800 486 842 Lego,
501 800 651 841 liquidus:
675 801 790 842 ‘⁸204‘
808 798 844 828 B.

509 909 574 937 856
597 901 850 944 Autumnoque
865 898 972 944 magis
989 897 1099 932 stellis
1116 896 1328 943 fulgentibus
1345 897 1414 931 alta

386 975 486 1017 Lego,
501 982 581 1016 apta.
626 975 715 1005 Hinc
732 974 821 1014 Virg.
841 973 915 1003 AEn.
932 971 993 1002 VI.
1008 974 1079 1013 798.

742 1059 797 1089 ubi
813 1058 930 1089 coelifer
948 1057 1039 1088 Atlas

561 1120 666 1150 Axem
680 1120 813 1150 humero
827 1124 963 1160 torquet,
979 1117 1077 1149 stellis
1096 1117 1277 1149 ardentibus
1292 1122 1408 1157 aptum.

392 1209 473 1240 Hor.
488 1207 538 1239 od.
554 1207 586 1238 ii.
606 1211 653 1238 12.
668 1210 697 1238 8.

559 1293 699 1334 Fulgens
713 1291 903 1323 contremuit
915 1289 1029 1320 domus

563 1351 691 1383 Saturni
705 1351 824 1382 veteris.

391 1441 489 1481 Apta,
507 1440 526 1470 i.
541 1449 567 1469 e.
584 1438 788 1469 fixa-terrae
802 1435 959 1467 radicibus
972 1434 1091 1474 apti.—

662 1523 818 1563 stellisque
832 1520 1022 1552 micantibus
1039 1521 1153 1562 aetheura
1167 1519 1274 1549 fixum.

515 1641 581 1670 396
607 1633 665 1669 An
681 1645 742 1667 con
757 1632 890 1665 brachia
905 1631 1105 1676 suesaeiunt,
1119 1629 1326 1673 firmantque
1342 1623 1512 1662 lacertos?

397 1710 438 1741 Ο.
456 1709 554 1741 MSS.

568 1795 622 1824 An
636 1800 707 1824 tum
721 1791 848 1823 brachia
861 1797 1165 1822 consuescunt.—

397 1881 560 1913 Titinnius
577 1879 721 1910 Geminei.

568 1966 726 1997 Parasitos
741 1965 855 2003 amovi,
868 1965 1015 1995 lenonem
1031 1963 1150 1994 aedibus
1164 1961 1328 2000 absterrui,

568 2025 718 2060 Desuev1,
735 2035 774 2055 ne
789 2035 852 2064 quo
867 2024 906 2054 ad
921 2033 1047 2054 coenum
1062 2023 1161 2053 exiret
1175 2028 1263 2052 extra
1277 2019 1444 2051 consilium
1459 2028 1567 2050 meum

522 2140 588 2170 397
614 2133 659 2168 In
676 2137 833 2178 terraque
849 2131 963 2166 Patris
980 2143 1042 2165 cur
1059 2131 1169 2166 telum
1187 2130 1431 2176 perpetiuntur

403 2211 490 2250 Lege
510 2209 704 2247 Intereaque.
750 2206 875 2235 Nonius
891 2205 922 2234 in
940 2204 1021 2234 Deo.
1041 2203 1198 2242 Apuleius
1215 2202 1395 2233 desuescere
1406 2211 1522 2231 vocem.
1538 2211 1566 2239 p.
1582 2203 1653 2231 502.

524 2312 587 2340 401
616 2305 674 2339 An
693 2303 794 2339 simul
810 2315 852 2338 ac
868 2303 977 2337 nubes
995 2312 1206 2343 successere,
1221 2300 1296 2346 ipse
1312 2299 1349 2333 in
1363 2311 1420 2333 aas
1435 2303 1504 2333 tum

405 2382 444 2412 Ο.
463 2381 561 2412 MSS.
577 2386 697 2410 aestum.

524 2485 592 2511 420
616 2477 771 2523 Altaque
791 2487 852 2510 cur
868 2475 1062 2521 plerunque
1080 2474 1167 2520 petit
1183 2471 1282 2508 loca?
1299 2472 1516 2519 plurimaque
1531 2472 1630 2518 hujus

404 2553 444 2583 0.
463 2553 560 2583 Mss.
576 2551 659 2591 plus.
1228 2526 1229 2529 '

525 2661 591 2688 428
619 2657 792 2698 Πςηπῆςιας
810 2651 909 2687 Graii
924 2663 1011 2697 quos
1028 2652 1070 2686 ab
1087 2662 1123 2685 re
1139 2649 1404 2691 nominitarunt‚

406 2728 448 2758 V.
464 2731 534 2759 740.

530 2836 598 2863 460
621 2828 892 2874 Assiduesulvae
908 2827 1010 2863 nubis
1027 2826 1172 2873 caligine
1189 2837 1314 2868 crassa,

405 2898 460 2928 Fo.
475 2897 582 2928 survae.
