1967 3314
325 244 419 286 292
617 215 1073 296 VARIANTES
1122 248 1559 300 LECTIONES

1595 412 1636 432 xx
1653 407 1818 435 ristocan-

1570 466 1648 486 rmA
1665 463 1849 490 soctmwrts

1615 519 1810 543 mrem-1112.

719 423 839 444 k'AULUS
854 424 987 445 fluum«-
1015 428 1207 450 runonmws
1221 430 1262 450 DE

469 452 671 476 FERRARDUS.
743 464 746 468 ⁴

1021 481 1256 503 RAGAzonxnUS.

509 582 635 612 Brixia».
1070 586 1210 619 Venetiis.
1642 593 1777 634 Biponti.

480 670 553 700 Sine
565 671 663 701 Anno.
1100 681 1183 710 1495.

351 763 406 792 751
455 762 603 796 Quaelibet
739 767 878 802 Quelibet
1023 767 1162 802 Quelibet
1306 773 1454 808 Quaelibet
1593 773 1741 807 Quaelibet

456 813 555 852 imago
738 818 846 858 imag-is
1023 817 1130 858 imagis
1307 823 1405 862 imag-o
1593 823 1693 861 imagi)

352 861 409 891 752
457 861 529 890 mire
739 867 811 896 mite
1023 866 1095 896 mite
1307 872 1379 900 mire
1592 871 1666 900 mire

352 912 409 940 7⁵4
457 910 552 940 simile
565 914 613 939 est
740 916 867 946 similest
1023 916 1150 946 similest
1307 921 1435 950 similest
1594 920 1690 951 simile
1703 925 1752 951 est

457 959 501 990 illi

456 1020 578 1040 necesse
590 1014 638 1040 est

740 965 782 994 illi

741 1019 893 1045 necessest

740 1063 820 1094 deest

739 1126 806 1145 cum

741 1165 856 1196 leonum

740 1216 919 1246 simulachra

740 1277 913 1306 quecunque

740 1315 919 1346 simulachra

739 1370 847 1397 cetera

1025 964 1069 994 illi

1025 1019 1178 1044 necessest

1024 1065 1105 1095 deest

1024 1126 1090 1145 cum

1024 1166 1139 1196 leonum

1024 1216 1203 1247 simulachra

1025 1274 1207 1306 quaecunque

1025 1315 1205 1347 simulachra

1025 1370 1133 1395 caetera

1024 1424 1093 1454 quae

1025 1464 1105 1494 deest

1025 1527 1094 1556 qum

1026 1565 1205 1596 simulachra

1027 1618 1103 1647 Haec

1025 1676 1093 1706 quae

1025 1725 1090 1745 cum

1023 1769 1144 1804 tumque

1024 1816 1086 1845 vita

1024 1865 1150 1905 potitast

1307 970 1349 998 illi

1308 1025 1461 1050 necessest

1307 1069 1388 1099 deest

1308 1118 1446 1159 quoniimi

1308 1169 1408 1200 leones

1307 1219 1465 1250 simulacra

1307 1279 1488 1310 quaecunque

1308 1321 1466 1351 simulacra

1307 1375 1339 1400 et
1351 1375 1459 1400 caetera

1307 1430 1373 1459 quse

1307 1480 1394 1510 mage

1308 1530 1374 1549 cum

1308 1569 1466 1598 simulacra

1592 969 1686 1000 oculis

1592 1016 1755 1050 necesse'st

1593 1069 1732 1109 quonium

1592 1119 1672 1149 deest

1593 1170 1693 1199 leones

1592 1218 1750 1249 simulacra

1594 1272 1775 1307 quaecunque

1595 1318 1753 1349 simulacra

1594 1373 1693 1398 cetera

1593 1428 1660 1457 quae

1593 1478 1680 1509 mage

1592 1528 1658 1548 cum

1592 1567 1749 1597 simulacra

1596 1616 1671 1646 Haec

1592 1677 1659 1706 quae

1593 1726 1680 1757 quom

1592 1778 1659 1798 eum
1672 1777 1759 1808 quem

1592 1817 1664 1848 vitai

1593 1868 1730 1909 potita'st

455 1209 614 1239 simulacra

454 1265 635 1299 quaecunque

453 1309 612 1339 simulacra

454 1560 612 1590 simulacra

459 1609 538 1639 Haee

455 1669 521 1698 quae

455 1719 521 1739 cum

454 1763 575 1798 tumque

453 1809 517 1839 vita

453 1859 549 1899 potita
561 1862 609 1888 est

738 1565 916 1596 simulachra

742 1616 809 1645 Hee

739 1675 796 1704 que

739 1726 805 1745 cum

738 1769 860 1805 tumque

740 1814 801 1844 vita

739 1864 865 1903 potitast

1306 1778 1373 1797 eum
1386 1777 1472 1806 quem

1307 1817 1380 1847 vitai

1307 1867 1435 1907 potitast

348 1906 404 1937 766
452 1909 516 1939 fieri
738 1913 819 1943 deest
1023 1915 1102 1944 deest
1305 1917 1370 1946 fieri
1591 1919 1655 1948 fieri

347 1955 404 1986 767
452 1961 552 1990 effecti
737 1963 836 1993 effecti
1021 1965 1120 1994 effecti
1306 1967 1398 1996 effoeti
1591 1969 1690 1999 effecti

347 2004 404 2036 708
452 2013 577 2049 possunt
736 2018 861 2052 possunt
1022 2015 1138 2054 possint
1305 2015 1422 2056 possint
1592 2023 1717 2058 possunt

347 2054 404 2085 769
453 2058 621 2088 meminisse
738 2063 906 2094 meminisse
1021 2064 1190 2095 meminisse
1305 2075 1389 2095 mens
1402 2065 1467 2105 ipsa
1591 2067 1760 2097 meminisse

453 2118 558 2148 sopore
738 2121 843 2151 sapore
1022 2125 1128 2154 sapore
1306 2125 1411 2154 sopore
1591 2126 1696 2156 sopore

347 2155 405 2184 770
453 2168 519 2187 cum
737 2172 803 2191 cum
1022 2174 1088 2193 cum
1308 2175 1374 2194 eum
1590 2174 1657 2195 eum

453 2205 564 2246 letique
738 2210 848 2250 letique
1022 2213 1132 2253 letique
1307 2214 1419 2253 letique
1590 2216 1722 2255 iethique

347 2255 405 2284 772
452 2259 589 2296 superest
736 2271 826 2301 super
838 2266 885 2292 est
1021 2275 1110 2303 supe.-
1123 2269 1171 2294 est
1307 2268 1443 2303 superest
1589 2273 1725 2309 superest

452 2305 609 2335 simulacra
619 2328 624 2335 ι
736 2310 915 2342 simulachra
1021 2313 1200 2343 simulachra
1305 2312 1462 2342 simuiacra
1589 2318 1747 2348 simulacra

347 2354 403 2383 773
451 2358 483 2385 et
737 2359 818 2389 deest
1021 2362 1103 2393 deest

450 2408 559 2435 caetera
736 2414 844 2440 caetera
1021 2418 1133 2443 caetera

345 2454 402 2483 774·
451 2455 533 2485 Nam
735 2460 756 2489 J
758 2471 806 2490 am
1021 2464 1041 2493 J
1043 2475 1090 2494 am

448 2503 547 2534 facere
735 2508 840 2539 fricere
1020 2513 1125 2544 fricere

345 2555 400 2583 775
449 2555 527 2594 perit
734 2558 813 2598 parit
1020 2564 1099 2604 parit

344 2602 401 2633 776
451 2605 524 2635 Inde
736 2608 809 2638 Inde
1021 2613 1094 2642 Inde

449 2654 498 2685 hic
734 2658 783 2687 hie
1019 2663 1066 2692 hic

343 2702 400 2731 777
448 2705 610 2744 putandum
625 2710 672 2735 est
733 2708 925 2748 putandumst
1018 2713 1211 2752 putandumst
1302 2715 1494 2754 putandumst
1587 2715 1791 2755 putandum’st

450 2758 515 2784 800.
530 2755 632 2785 Tanta
645 2761 692 2785 est
734 2761 800 2788 800.
815 2758 916 2789 Tanta
928 2765 975 2790 est
1019 2765 1082 2792 800.
1099 2761 1199 2792 Tanta
1212 2769 1259 2794 est
1303 2769 1367 2796 800.
1380 2770 1497 2796 tantast
1587 2765 1687 2795 Tanta
1699 2769 1746 2795 est

447 2803 605 2843 Tantaque
618 2804 675 2835 ἂς.
733 2807 891 2848 Tantaque
907 2809 963 2839 ἃς.
1017 2811 1175 2851 Tantaque
1190 2812 1246 2842 &c-
1299 2819 1443 2854 tantaque
1463 2815 1522 2846 &c.

447 2852 541 2893 Copia
553 2853 610 2883 διε.
732 2857 825 2898 Copia
838 2858 891 2888 διε.
1017 2861 1110 2901 Copia
1123 2862 1180 2892 &a
1299 2864 1393 2904 Copia
1405 2865 1462 2895 &c-

340 2903 397 2934 778
447 2908 610 2942 queruntur
730 2912 893 2946 queruntur
1016 2917 1186 2949 quaeruntur
1300 2914 1489 2953 quaerendum
1585 2920 1755 2954 quaeruntur
