1967 3314
619 230 837 282 LIBRI
873 229 1113 296 SEX—TI.

1536 238 1632 281 393

99 1155 170 1182 1031

98 1451 171 1478 1032

98 1647 172 1675 1035

99 2241 112 2267 1
117 2242 173 2267 043

100 2388 175 2415 1048

101 2487 172 2513 1051

100 2538 175 2564 1052

102 2736 175 2763 1053

103 2833 176 2861 1054

105 2883 178 2915 1059

242 447 444 468 FERRANDUS.

274 570 402 600 Brixiae.

250 658 323 687 Sine
335 658 434 689 Anno.

223 747 303 777 deest

225 797 372 838 Parteque

223 847 354 886 spaciuin

223 898 303 937 capit

223 947 277 976 tibi

224 997 293 1027 ferri

225 1046 337 1078 Pronas

222 1097 316 1135 partis

223 1146 331 1176 Trudit

222 1206 325 1225 navem

222 1246 355 1286 vellaque

222 1296 318 1326 ventis

223 1349 306 1374 1024·
321 1349 355 1375 ut

296 1399 397 1433 potest

219 1443 335 1482 quando
348 1444 465 1484 quidem

219 1503 286 1522 raro
296 1498 367 1523 sunt

217 1553 340 1583 corpora

220 1597 252 1621 et

220 1642 298 1670 ferro
310 1647 342 1671 et

221 1692 357 1721 annelum

220 1741 302 1771 deest

221 1792 409 1832 precipitavit

221 1847 334 1881 partem

220 1902 342 1920 vacuam

221 1941 349 1981 sumpsit

221 1991 277 2020 hoe

220 2051 255 2069 ac

222 2090 365 2119 Exultare

219 2140 412 2170 semothratia

220 2189 328 2219 feream

220 2232 393 2270 AEramenta

220 2288 316 2319 furere

223 2339 294 2368 aenis

224 2387 362 2428 Percepit

223 2437 286 2467 vias

222 2486 397 2526 pulsareque

224 2535 350 2566 Terreat

223 2588 294 2614 exta

223 2632 303 2663 deest

222 2683 336 2722 respuit

223 2733 300 2771 quod

224 2784 356 2813 resorbet

223 2833 308 2863 mitte
326 2834 403 2874 quod

226 2882 343 2922 Lignea

230 2931 310 2964 Vot.
329 2933 388 2964 IV.

561 469 697 490 PERGER.

564 573 591 602 V
589 585 695 605 eronae.

587 665 668 694 1486.

507 748 588 778 deest

508 798 656 839 Parteque

506 849 634 888 spatium

506 898 587 938 cupit

506 947 561 975 tibi

509 995 580 1025 ferri

507 1045 620 1075 Pronas

505 1096 599 1134 partis

507 1146 614 1175 Tradit

505 1205 610 1224 annem

505 1243 552 1272 vel
566 1255 641 1284 aque

504 1294 601 1324 ventis

507 1348 591 1372 1024.
605 1348 638 1373 ut

583 1397 682 1432 potest

503 1442 620 1481 quando
633 1441 750 1480 quidem

503 1503 568 1522 rare
581 1496 652 1521 sunt

505 1689 631 1718 anellum

503 1739 584 1769 deest

504 1791 693 1830 precipitavit

504 1845 618 1880 partem

504 1901 627 1920 vacuum

504 1941 631 1981 sumpsit

506 1992 587 2021 deest

504 2052 538 2070 ac

506 2090 650 2120 Exultare

505 2141 680 2170 samothana

503 2189 640 2219 ferrerndi

506 2240 548 2269 Et
562 2244 694 2269 ramenta

503 2288 586 2318 fuere

505 2339 580 2368 aenis

505 2388 638 2428 Precipit

506 2438 586 2467 deest

504 2487 623 2527 pulsare
634 2499 692 2528 quo

507 2537 633 2567 Terreat

507 2833 648 2874 mitteque

508 2883 607 2923 Ligna

492 415 615 435 PAULUS
629 417 761 437 FRmEN-
789 415 981 435 'l'Hltonoaus
996 415 1037 434 DE

797 470 838 489 ΒΑ
843 469 1031 489 GAZONJBUS.

844 572 984 601 Veneriis.

872 663 954 692 1495.

793 747 874 777 deest

793 797 942 837 Parteque

791 847 920 886 spatium

791 898 872 937 cupit

790 947 845 975 tibi

791 995 859 1025 ferri

792 1045 905 1075 Pronas

790 1095 884 1134 partis

791 1145 900 1174 Tradit

789 1205 895 1223 aunem

790 1244 837 1272 vel
850 1254 936 1283 aquae

789 1293 886 1322 ventis

791 1346 875 1372 1024.
893 1347 927 1373 ut

863 1395 963 1429 potest

787 1440 905 1478 quando
918 1441 1034 1480 quidem

787 1499 852 1519 rare
866 1495 937 1520 sunt

787 1550 910 1579 corpora

788 1596 819 1619 et

789 1638 866 1669 ferro
878 1644 909 1669 et

788 1687 915 1717 anellum

790 1738 870 1768 deest

791 1789 979 1828 precipitavit

790 1843 904 1878 partem

790 1900 914 1919 vacuum

791 1939 917 1979 sumpsit

790 1988 871 2018 deest

792 2049 826 2068 ac

793 2087 937 2117 Exultare

791 2138 967 2167 samothana

790 2186 926 2216 ferremdi

793 2237 835 2266 Et
847 2241 981 2266 ramenta

790 2286 873 2316 fuere

790 2335 861 2364 aenis

793 2384 932 2424 Praecipit

790 2433 871 2463 deest

790 2482 909 2522 pulsare
922 2494 980 2524 quo

792 2532 918 2563 Terreat

789 2588 860 2612 exta

792 2832 933 2872 mitteque
971 2850 978 2857 ·

794 2882 891 2922 Ligna

881 2937 902 2961 5
918 2933 949 2964 Ι)

1146 444 1258 465 ALDns.

1132 570 1267 601 Venetiis.

1159 662 1241 689 1500.

1077 750 1121 780 uti

1079 799 1169 830 Parte
1182 802 1260 841 quod
1290 793 1296 797 ⁴

1077 850 1206 889 spatium

1077 900 1158 939 capit

1077 949 1132 978 tibi

1077 998 1147 1029 ferri

1077 1059 1184 1087 pronas

1076 1099 1188 1137 parteis

1077 1147 1186 1178 Trudit

1076 1207 1180 1227 navem

1075 1246 1199 1287 velaque

1075 1296 1172 1326 ventis

1074 1445 1308 1486 quandoquidem

1074 1500 1228 1525 rarescunt

1074 1554 1195 1583 corpora

1075 1597 1108 1622 ut

1074 1641 1184 1673 ferrost

1075 1692 1201 1722 anellum

1075 1740 1155 1771 deest

1074 1793 1271 1833 praecipitavit

1075 1849 1190 1884 partem

1076 1905 1198 1924 vacuam

1075 1945 1202 1985 sumpsit

1076 1995 1131 2023 hoc

1076 2047 1165 2082 atque

1075 2092 1211 2122 exultare

1077 2142 1281 2172 Samothracia

1076 2191 1171 2221 ferrea
1184 2192 1244 2221 vidi

1077 2241 1119 2278 Et
1133 2246 1268 2270 ramenta

1076 2290 1172 2319 furere

1075 2340 1178 2369 ahenis

1074 2390 1206 2430 percepit

1075 2438 1138 2468 vias

1073 2488 1250 2529 pulsareque

1074 2543 1171 2568 terrea

1074 2592 1154 2617 testa

1074 2636 1154 2665 deest

1074 2686 1187 2725 respuit

1074 2736 1153 2774 quod

1075 2785 1206 2814 resorbet

1079 2835 1163 2864 mitte
1176 2835 1253 2875 quod

1077 2883 1192 2924 Lignea

1335 375 1341 424 ξ
1374 391 1414 410 ex
1424 393 1588 414 'rrroan-

1344 443 1424 463 ram
1436 446 1616 468 socuzmns

1383 498 1413 517 m
1418 499 1455 518 ro
1459 499 1578 522 NTINAE.

1414 569 1458 598 Bi
1455 571 1548 609 ponti.

1434 664 1448 689 1
1453 665 1471 694 7
1474 664 1520 690 82.

1362 751 1406 780 uti

1365 799 1455 830 Parte
1469 803 1548 841 quod

1360 850 1490 889 spatium

1361 899 1442 939 capit

1359 948 1411 978 ubi

1359 997 1471 1030 ferri’st

1361 1047 1476 1080 Parvas

1359 1099 1471 1137 parteis

1360 1147 1469 1179 Trudit

1360 1199 1457 1228 navim

1360 1248 1483 1287 velaque

1360 1302 1466 1328 ventus

1362 1350 1444 1378 1024.
1456 1348 1500 1377 uti

1438 1402 1505 1436 post
1519 1404 1567 1428 est

1359 1446 1594 1485 quandoquidem

1359 1505 1426 1524 raro
1438 1502 1509 1527 sunt

1359 1555 1481 1584 corpore

1359 1599 1390 1623 et

1358 1642 1477 1674 ferro’st

1358 1693 1506 1723 annellum

1359 1748 1450 1782 atque

1359 1793 1560 1833 praecipitavit

1359 1852 1537 1882 quamquam

1360 1896 1475 1930 partem

1359 1942 1466 1972 sumsit

1359 1990 1416 2020 hoc

1359 2044 1450 2078 atque

1360 2089 1521 2120 Exsultare

1360 2140 1565 2171 Samothracia

1358 2188 1454 2218 ferrea
1468 2190 1528 2219 vidi

1360 2238 1402 2267 Et
1414 2243 1550 2269 ramenta

1358 2288 1455 2317 furere

1357 2338 1461 2368 ahenis

1359 2388 1506 2427 Praecepit

1357 2437 1421 2466 vias

1357 2487 1531 2527 pulsareque

1359 2535 1469 2565 Ferrea

1356 2590 1442 2615 texta

1357 2635 1437 2665 deest

1357 2686 1472 2725 respuit

1357 2746 1422 2775 quae

1357 2786 1489 2815 resorbet

1357 2836 1442 2866 mitte
1458 2835 1535 2875 quod

1361 2885 1477 2925 Lignea
