1967 3314
115 750 1636 764 -μ--ῇ-ῄ--ῂκ--ψ

136 1042 194 1071 590

136 1093 190 1121 591

136 1192 193 1220 594

134 1339 192 1370 596

133 1441 190 1470 597

134 1590 191 1618 598

133 1736 192 1764 600

133 1786 192 1814 602

133 1835 190 1864 604

132 1886 190 1914 605

131 1985 190 2014 606

131 2035 189 2063 (308

129 2137 188 2165 610

130 2187 184 2215 611

129 2236 188 2265 612

132 2475 197 2512 614'

131 2534 188 2563 615

131 2633 190 2662 616

129 2880 186 2913 617

257 477 460 499 ΡΕΒΒΑΝῙΠῙΞ.

290 601 420 630 Brixice.

272 691 346 721 Sine
359 691 458 719 Anno.

243 781 301 810 Per
315 791 436 821 parvum

243 830 360 860 videtur

243 881 381 910 Alteram
394 885 490 910 utram

243 943 301 972 quo

243 982 322 1011 absit

242 1032 322 1061 deest
336 1042 440 1061 versus

243 1081 323 1110 deest
336 1092 442 1111 versus

243 1130 323 1160 deest

242 1181 336 1211 omnis

243 1232 403 1272 caelumque

243 1287 310 1315 590.
326 1287 392 1316 591.

242 1332 310 1362 hine

242 1383 326 1412 multi

238 1438 354 1462 scatere

238 1493 390 1522 erumpere

240 1533 338 1562 lumen

240 1593 298 1622 qua

240 1632 283 1662 sic

241 1692 349 1722 vapore

241 1732 368 1772 profluat

241 1784 411 1822 campisque

241 1833 400 1873 precipitat

240 1881 411 1921 Oportunus

241 1932 282 1962 ita
296 1938 343 1963 est

239 1987 329 2021 queat

240 2033 371 2062 Accendi

238 2082 357 2111 scintila

237 2132 316 2161 cecis

237 2181 352 2222 fulgore

238 2232 373 2262 AEstiferi

238 2286 358 2311 utantur

239 2331 378 2361 exaudiat

239 2389 273 2408 ac

238 2433 321 2459 recta

239 2479 424 2518 egoceroutis

241 2529 389 2558 Brumalis

240 2578 332 2608 flexus

240 2628 379 2658 canceris

235 2827 408 2858 solsticialis

234 2877 265 2907 id

233 2928 366 2967 spacium

247 2979 327 3011 Vox..
345 2979 408 3011 IV.

629 259 840 309 LIBRI
883 261 1181 317 QUINTI.

509 445 631 464 PAULL'S
648 445 782 466 FRIDEN-
801 444 998 465 THEODORUS
1017 445 1058 464 DE

578 499 715 520 PERGER.

582 603 712 635 Veronoe.

606 696 619 720 1
624 693 690 720 486.

528 781 587 810 Per
602 792 704 821 parum

528 830 652 861 violetur

527 881 662 911 Alteram
675 881 780 911 ultram

528 942 586 971 quo

529 982 608 1012 absit

529 1031 609 1061 deest
621 1042 727 1061 versus

528 1082 609 1111 deest
623 1094 726 1112 versus

529 1133 611 1162 deest

529 1183 623 1212 omnis

529 1231 690 1272 caelumque

529 1287 595 1315 590.
611 1287 678 1315 591.

528 1333 597 1362 hinc

527 1382 612 1411 multi

526 1435 638 1460 statere

524 1492 666 1522 erunpere

524 1531 623 1561 lumen

524 1588 584 1619 qua

525 1630 569 1659 sic

526 1687 634 1720 vapore

527 1730 639 1770 proflua

527 1791 704 1820 camposque

526 1830 685 1869 precipitat

527 1879 697 1918 Oportunus

526 1930 569 1958 ita
580 1934 628 1960 est

525 1984 615 2019 queat

525 2031 696 2060 Accendere

525 2081 655 2111 scintilla

523 2131 609 2160 caecis

523 2179 640 2220 fulgure

524 2230 658 2260 AEstiferi

524 2285 664 2310 notantur

525 2330 665 2360 exaudiat

525 2391 560 2409 ac

525 2434 608 2458 recta

526 2479 692 2517 egoeerotis

528 2527 677 2557 BrumaliS

527 2576 624 2606 fluxus

527 2626 664 2656 Canteris

526 2681 560 2706 ut

527 2731 626 2756 vertas

526 2775 608 2806 deest

526 2825 697 2857 solsticialis

526 2877 563 2907 ad

528 2928 656 2969 spatium

811 498 1047 519 RAGAZONIBUS.

857 603 891 630 V
889 601 1002 632 enetiis.

891 696 903 720 1
908 696 972 725 495.

813 781 872 810 Per
888 793 990 822 parum

812 831 938 861 violetur

812 881 948 912 Alteram
961 882 1068 912 ultram

813 943 871 971 quo

813 982 893 1012 absit

813 1031 894 1074 deest
906 1043 1012 1062 versus

813 1083 893 1112 deest
909 1093 1014 1112 versus

814 1133 894 1163 deest

814 1185 907 1214 omnis

812 1235 974 1275 caelumque

814 1289 880 1317 590.
896 1290 962 1319 591.

813 1336 881 1365 hine

813 1385 897 1414 multi

811 1439 924 1464 statere

811 1495 963 1524 erumpere

811 1535 908 1564 lumen

810 1594 869 1623 qua

810 1635 851 1664 sit

812 1694 920 1723 vapore

812 1733 923 1773 proflua

812 1793 991 1824 camposque

812 1833 978 1872 praecipitat

812 1884 985 1923 Oportunus

811 1933 853 1962 ita
867 1938 915 1963 est

810 1988 909 2021 quaeat

811 2034 983 2064 Accendere

811 2084 941 2114 scintilla

810 2134 896 2163 caecis

809 2183 927 2223 fulgure

812 2235 945 2264 AEstiferi

811 2290 950 2315 notantur

809 2336 952 2365 exaudiat

810 2395 846 2413 ac

811 2437 892 2461 recta

811 2482 977 2522 egocerotis

813 2530 961 2560 Brumalis

811 2580 907 2610 fluxus

812 2629 949 2659 Canteris

812 2683 844 2708 ut

812 2734 911 2758 vertas

811 2779 892 2808 deest

812 2828 982 2859 solsticialis

1164 478 1279 499 ALDUS.

1148 601 1286 633 Venerii&

1176 694 1189 719 l
1194 694 1260 720 500.

1099 780 1279 820 Perparvum

1098 831 1214 861 videtur

1098 883 1282 914 Alterutrum

1097 943 1155 972 quo

1097 984 1176 1013 absit

1100 1034 1180 1063 Scire
1195 1034 1252 1064 ἃς.

1100 1084 1179 1113 Esse
1193 1085 1239 1114 vel
1256 1084 1312 1114 &c.

1097 1138 1163 1163 584.
1178 1133 1286 1163 iterum

1097 1184 1209 1214 omneis

1098 1234 1259 1275 coelumque

1098 1335 1145 1364 hic

1097 1384 1197 1413 muudi

1097 1439 1212 1464 scatere

1097 1495 1249 1524 erumpere

1097 1534 1204 1564 flumen

1097 1594 1155 1622 qua

1097 1633 1140 1662 sic

1098 1693 1208 1722 vapore

1098 1733 1224 1772 profluat

1097 1793 1275 1822 camposque

1097 1833 1252 1872 praeripiat

1097 1882 1289 1922 opportunus

1096 1930 1170 1962 itast

1096 1986 1188 2020 queat

1095 2032 1216 2061 accendi

1095 2080 1193 2110 sciutil
1198 2081 1225 2109 la

1096 2130 1182 2159 caecis

1096 2180 1212 2221 fulgore

1096 2230 1271 2260 AEstiferum

1096 2286 1127 2310 ut
1143 2285 1259 2310 tantum

1095 2335 1243 2370 exaugeat

1096 2391 1130 2408 ac

1096 2435 1177 2459 recta

1097 2479 1255 2518 AEgocerot
1260 2480 1284 2509 is

1098 2528 1263 2558 Brumaleis

1097 2577 1190 2607 flexus

1097 2628 1119 2656 C
1123 2628 1203 2657 aucri

1096 2677 1153 2706 iter
1168 2677 1212 2706 uti

1096 2731 1195 2757 vertat

1096 2778 1177 2809 deest

1096 2828 1280 2860 solstitialeis

1096 2880 1134 2908 ad

1097 2928 1225 2968 spatium

1556 273 1649 313 329

1396 424 1437 443 Ex
1450 425 1614 448 TYPOGRA-

1365 478 1443 497 PHIA
1460 479 1640 502 soen-:Liris

1407 531 1437 550 131
1443 532 1600 554 roxrlsffi.

1396 598 1399 603 ¹
1435 602 1569 643 Biponti.

1463 698 1544 726 1782.

1384 784 1565 824 Perparvum

1381 834 1519 864 videntur

1382 885 1567 915 Alterutram

1382 946 1448 965 cum

1382 987 1482 1016 absint

1383 1036 1464 1065 Scire
1479 1036 1533 1066 δίο.

1385 1087 1462 1116 Esse
1477 1087 1523 1116 vel
1537 1087 1594 1117 &c-

1382 1136 1462 1166 deest

1382 1187 1493 1216 omneis

1382 1236 1545 1276 coelumque

1382 1337 1451 1366 hinc

1380 1385 1482 1414 mundi

1382 1440 1499 1465 scatere

1382 1495 1534 1525 erumpere

1381 1535 1488 1565 flumen

1382 1596 1441 1625 quo

1382 1636 1426 1665 sic

1382 1686 1499 1725 vaporis

1380 1735 1508 1775 profluat

1380 1786 1551 1825 campisque

1382 1835 1526 1875 percipiat

1381 1885 1571 1924 Opportunus

1381 1934 1466 1964 ita'st

1380 1990 1472 2023 queat

1381 2034 1527 2074 Accipere

1380 2083 1511 2113 scintilla

1380 2133 1470 2163 caecis

1378 2182 1494 2222 fulgore

1380 2232 1554 2262 AEstiferum

1378 2287 1412 2312 ut
1425 2288 1542 2312 tantum

1378 2337 1527 2372 exaugeat

1379 2392 1433 2410 uec

1379 2436 1461 2461 certa

1379 2481 1566 2520 AEgocerotis

1381 2531 1548 2561 Brumaleis

1380 2580 1476 2610 flexus

1381 2630 1522 2660 Canceris

1379 2789 1412 2808 se

1378 2828 1562 2859 solstiti-aleis

1378 2877 1409 2907 id
