1967 3314
324 250 416 296 178

340 868 398 896 563

339 1066 396 1094 568

330 1871 387 1899 579

330 1970 388 1996 580

329 2020 382 2045 581

328 2069 386 2096 582

326 2219 383 2244 583

326 2269 383 2294 584-

324 2473 380 2499 585

324 2572 381 2600 587

324 2622 380 2647 588

323 2671 380 2699 589

322 2721 380 2748 590

321 2819 375 2848 591

616 245 1077 297 VARIANTES
1124 249 1268 298 LEC
1284 248 1569 298 TIONES

462 460 618 481 tzar-Asu
623 461 639 481 U
644 461 665 480 S.

483 818 564 858 liquo

444 878 590 908 quamque

446 917 488 947 Et

443 967 488 996 uti

443 1027 509 1045 cum

445 1065 542 1096 Molia

443 1127 508 1155 quae

442 1166 517 1197 fiunt

441 1227 565 1257 quaeque

440 1273 582 1306 gerantur

441 1316 616 1347 Admixtum

439 1367 531 1397 semel

439 1418 484 1446 At

438 1472 541 1497 contra

438 1518 526 1548 molia

438 1568 598 1598 condensio

438 1617 611 1658 validasque

439 1667 516 1698 vires

437 1716 571 1757 (Septem
578 1719 701 1749 Versus
721 1717 856 1757 (Septem
865 1718 981 1749 Versus

754 1778 773 1797 a
785 1772 807 1786 ‘⁴
818 1767 932 1798 Porr0''
944 1769 980 1798 ad

467 1778 486 1797 a
497 1772 520 1787 ‘⁶
532 1768 647 1798 Porr0''
657 1770 695 1799 ad

467 1822 490 1836 ‘⁶
504 1819 643 1855 aevum'’)

437 1868 612 1900 Crescendis

436 1919 554 1948 tenendi

435 1977 559 2007 quaeque

434 2017 552 2055 quando
562 2019 679 2057 quidem

433 2071 630 2098 commutatur

433 2116 589 2156 quicquam

432 2165 550 2204 quaudo

430 2220 536 2246 cuncte

430 2266 601 2297 Ostendant

430 2316 561 2346 maculas

429 2365 584 2405 generales

430 2426 553 2455 corpore

431 2465 634 2496 Immutabiles

429 2517 560 2546 materiae

429 2565 610 2596 Commutari

427 2622 547 2647 constat

427 2666 532 2705 cuique

426 2716 493 2749 Qua
507 2726 574 2746 nam

426 2764 533 2795 herens

425 2814 535 2845 totiens

425 2870 547 2903 possent

424 2913 505 2944 secla

713 429 835 449 PAULUS
848 429 985 450 mumm-
1006 431 1200 452 Tuzonoaus
1217 431 1261 451 DE

784 484 921 504 PERGER.

778 587 908 618 Veronoe.

770 827 858 856 quam

730 877 867 906 quanque

730 918 775 944 At

729 964 775 992 uti

730 1024 799 1052 qum

731 1063 840 1094 Mollia

729 1125 787 1154 que

729 1165 804 1195 fiunt

730 1226 846 1256 queque

727 1271 907 1306 generantur

724 1568 874 1598 condenso

724 1617 888 1657 validisque

723 1666 802 1696 vires

756 1823 778 1837 ‘⁶
790 1819 917 1848 aevum.’'

720 1869 873 1898 crescendi

721 1919 841 1948 tenendi

720 1978 836 2008 queque

721 2018 839 2057 quando
852 2019 969 2058 quidem

719 2069 950 2099 communicatur

719 2117 876 2157 quicquam

719 2167 837 2207 quando

716 2223 833 2249 cunctae

717 2267 887 2298 Ostendunt

716 2318 833 2347 macula

716 2368 871 2408 generales

717 2428 839 2458 corpore

718 2468 887 2499 Immobiles

715 2518 838 2547 materie

716 2567 888 2598 Commitari

714 2622 831 2648 constet

713 2669 819 2707 cuique

712 2718 780 2752 Qua
793 2728 860 2747 nam

710 2767 818 2797 herens

711 2817 822 2848 totiens

711 2872 814 2906 posset

711 2916 791 2946 secla

1057 837 1144 865 quam

1017 885 1153 915 quanque

1018 926 1064 953 At

1018 973 1063 1002 uti

1017 1032 1086 1061 qum

1019 1071 1128 1101 Mollia

1016 1132 1074 1161 que

1015 1172 1091 1202 fiunt

1015 1232 1131 1261 queque

1013 1277 1194 1311 generantur

1016 1322 1190 1352 Admixtum

1014 1371 1105 1402 semel

1016 1422 1061 1450 Ac

1013 1475 1119 1500 concta

1013 1520 1069 1549 mol
1074 1521 1113 1550 lia

1013 1570 1161 1599 condenso

1012 1620 1176 1659 validisque

1013 1672 1092 1700 vires

1042 1824 1051 1838 ‘
1056 1824 1064 1838 ‘
1080 1820 1222 1858 aemm.”)

1009 1870 1161 1900 crescendi

1010 1920 1131 1949 tenendi

1009 1980 1126 2009 queque

1008 2070 1239 2101 communicatur

1008 2119 1165 2159 quicquam

1008 2170 1126 2209 quando

1008 2225 1122 2249 cunctae

1008 2268 1177 2299 Ostendunt

1007 2318 1122 2348 macula

1006 2368 1160 2408 generales

1006 2428 1127 2458 corpore

1007 2468 1020 2496 I
1024 2467 1175 2498 mmobiles

1004 2518 1126 2547 materie

1004 2567 1175 2597 Commitari

1002 2623 1119 2647 constet

1002 2667 1108 2706 cuique

1001 2717 1068 2751 Qua
1081 2727 1148 2747 nam

1000 2767 1106 2798 herens

999 2816 1109 2846 totiens

1000 2870 1101 2904 posset

998 2917 1077 2946 secla

1111 2969 1130 2994 3

1017 487 1252 507 RAGAZONIBUS.

1012 1721 1146 1760 (Septem
1153 1721 1270 1750 Versus

1041 1781 1060 1800 a
1071 1775 1093 1789 ‘¹
1107 1770 1221 1800 Porr0”
1232 1772 1269 1801 ad

1009 2019 1126 2059 quando
1140 2020 1257 2059 quidem

1368 463 1482 484 ALnus.

1356 589 1493 619 Venalis.

1385 686 1397 710 1
1402 681 1469 711 500.

447 769 482 798 Id
496 779 644 808 nunquam
658 779 703 798 re-
731 767 859 807 Reliquo
872 769 902 798 id
915 780 989 799 nun-
1019 775 1146 816 Reliquo
1159 777 1189 806 id
1202 787 1275 807 nun.
1306 770 1334 799 id
1349 770 1462 809 reliquo
1478 780 1550 799 nun·

1344 830 1431 858 quam

1305 879 1440 909 quanque

1307 919 1350 948 Et

1302 1517 1402 1547 mollia

1302 1567 1449 1597 condenso

1301 1617 1474 1656 validasque

1301 1666 1390 1696 vireis

1300 1717 1435 1757 (Septem
1442 1716 1559 1746 Versus

1330 1777 1349 1796 a
1360 1771 1382 1784 ‘⁶
1396 1766 1510 1795 Porro'’
1522 1765 1559 1795 ad

1331 1821 1352 1835 ‘⁶
1369 1814 1511 1851 aevum.'’)

1298 1866 1449 1896 crescendi

1297 1918 1417 1948 tenendi

1299 1977 1423 2008 quaeque

1298 2018 1533 2059 quandoquidem

1298 2074 1494 2100 commutatur

1297 2118 1454 2158 quicquam

1297 2169 1368 2208 quin

1296 2223 1409 2248 cunctae

1296 2269 1456 2299 ostendunt

1295 2318 1425 2349 maculas

1293 2369 1448 2409 generales

1293 2429 1414 2459 corpore

1294 2468 1481 2498 Immutabile

1292 2519 1425 2548 materiae

1292 2568 1471 2598 Commutari

1291 2622 1408 2648 constet

1290 2668 1396 2707 cuique

1289 2718 1357 2752 Qua
1370 2729 1437 2748 nam

1289 2768 1403 2798 haerens

1288 2819 1398 2848 totiens

1287 2872 1389 2907 posset

1288 2915 1368 2947 secla

1598 411 1639 431 Ex
1651 411 1752 431 TYPOG
1757 412 1815 432 RA-

1570 466 1649 486 PHIA
1666 466 1848 487 socmrxns

1612 521 1807 541 BIPON'HNAE.

1592 771 1627 800 Id
1642 781 1789 810 nunquam
1803 781 1848 800 re-

1631 821 1711 860 liquo

1591 880 1737 909 quamque

1593 918 1636 949 Et

1591 968 1636 997 uti

1590 1028 1656 1047 cum

1593 1067 1703 1098 Mollia

1590 1127 1656 1156 quae

1589 1168 1664 1198 fiant

1589 1228 1705 1258 cunque

1589 1272 1732 1307 gerantur

1590 1318 1759 1349 Admistum

1588 1367 1676 1398 simul

1587 1517 1687 1546 mollia

1586 1566 1734 1596 condenso

1587 1615 1759 1655 validasque

1588 1665 1676 1695 vireis

1585 1866 1737 1896 crescendi

1586 1916 1687 1946 tuendi

1585 1976 1709 2006 quaeque

1583 2017 1818 2057 quandoquidem

1582 2073 1779 2098 commutatur

1582 2117 1740 2157 quidquam

1583 2167 1654 2207 quin

1581 2222 1695 2248 cunctae

1582 2267 1750 2298 Ostendant

1581 2317 1712 2347 maculas

1578 2368 1743 2408 generaleis

1578 2418 1692 2457 corpori

1579 2467 1766 2498 Immutabile

1577 2518 1708 2548 materiae

1577 2568 1756 2598 Commutari

1575 2625 1693 2650 constet

1574 2669 1701 2708 quoique

1573 2719 1708 2753 Quanam

1574 2769 1685 2798 haereat

1573 2818 1663 2847 toties

1574 2873 1696 2908 possent

1574 2916 1663 2947 saecla
