1967 3314
324 271 420 311 314

620 261 1081 311 VARIANTES
1121 259 1561 308 LECTIONES

473 474 678 495 rzknimnus.

511 598 640 629 Brixiae.

486 689 560 719 Sine
574 690 673 718 Anno.

468 779 602 809 variante

468 828 551 858 nosci

470 887 524 918 per

471 928 628 957 insinuarit

471 976 564 1006 morbi

474 1025 558 1054 Fana

472 1073 689 1114 simulacraque

475 1274 612 1314 perennis

476 1324 635 1353 animantis

477 1373 552 1402 bene

476 1433 568 1452 aevom

479 1631 570 1661 supra

481 1671 622 1700 aethereis

480 1719 639 1760 religiones

482 1770 559 1799 acris

483 1820 614 1849 asistunt

485 1873 612 1908 nequeat

484 1919 590 1957 cuique

485 1968 553 2001 Qua
566 1978 633 1997 nam

486 2017 593 2046 herens

487 2076 631 2095 moremur

487 2126 523 2145 ac

487 2165 641 2204 celumque

488 2216 621 2250 Quorum

489 2265 560 2295 Tris

488 2316 599 2356 spetics

488 2365 639 2396 dissimilis

488 2416 584 2446 exicio

489 2471 556 2497 ruet

490 2516 611 2546 Accidit

489 2565 614 2594 exicium

490 2615 557 2644 coeli

490 2664 658 2703 pervincere

490 2714 543 2743 tibi
557 2715 583 2744 si

491 2763 639 2793 insolitam

489 2812 527 2842 ael
541 2817 641 2852 portes

490 2871 578 2900 quam

489 2909 604 2941 minuta

793 494 934 516 uncta.

801 598 931 629 Veronoe.

824 694 837 719 1
842 692 907 721 486.

751 780 885 810 variante

752 829 832 858 nosti

753 878 834 907 deest

755 928 904 958 instruant

756 977 849 1007 morbi

758 1028 852 1057 Fama

757 1078 994 1117 simulacliraque

757 1130 814 1159 hoc

759 1178 863 1208 caelum

760 1228 871 1256 Libera

760 1276 897 1317 perennis

760 1326 919 1356 animantis

762 1386 837 1405 vene

761 1434 855 1453 aevum

761 1472 886 1512 Queque

761 1523 915 1563 presertim

761 1573 828 1607 Que

763 1632 854 1662 supra

763 1671 886 1702 aetheris

764 1721 922 1762 religiones

764 1771 841 1801 acris

764 1822 916 1852 asciscunt

766 1876 895 1912 naqueat

766 1922 873 1961 cuique

766 1971 835 2005 Qua
849 1981 916 2000 nam

767 2020 875 2048 herens

769 2080 918 2098 movemur

770 2124 801 2149 et

770 2168 932 2208 caelumque

771 2218 903 2253 Quorum

771 2269 842 2298 Tris

771 2319 883 2359 speties

771 2368 924 2399 dissimilis

771 2419 864 2449 exitio

771 2472 837 2497 tuet

772 2517 893 2547 Accidit

772 2566 895 2596 exitium

772 2616 839 2645 caeli

773 2666 944 2706 permittere

774 2716 829 2745 tibi

775 2765 804 2794 in
821 2764 940 2794 solitum

775 2814 813 2844 ad
826 2818 926 2854 portes

776 2874 864 2903 quam

776 2912 806 2942 in
820 2912 908 2942 unica

1030 495 1267 516 RAGAzonums.

1087 598 1226 628 venetiis.

1112 692 1126 717 1
1131 692 1195 720 495.

1036 778 1169 807 vatiante

1037 827 1116 856 nosti

1039 875 1119 905 deest

1040 925 1191 954 instruant

1041 973 1132 1002 morbi

1044 1021 1138 1051 Fama

1043 1071 1281 1111 simulachraque

1044 1122 1101 1150 hoc

1044 1171 1148 1201 caelum

1047 1220 1157 1250 Libera

1047 1270 1183 1310 perennis

1046 1319 1206 1350 animantis

1046 1380 1120 1398 vene

1049 1428 1146 1447 aevum

1049 1468 1172 1507 Quoque

1049 1519 1212 1558 praesertim

1048 1569 1126 1602 Quae

1049 1629 1140 1658 supra

1051 1667 1170 1697 aetheris

1052 1718 1210 1758 religiones

1052 1769 1130 1798 acris

1052 1819 1207 1848 asciscunt

1052 1872 1181 1908 nequeat

1053 1918 1160 1957 cuique

1054 1967 1122 2000 Qua
1135 1977 1203 1996 nam

1054 2017 1161 2046 herens

1055 2077 1207 2097 movemur

1055 2122 1087 2147 et

1056 2167 1217 2207 caelumque

1055 2216 1186 2250 Quorum

1058 2266 1128 2295 Tris

1057 2316 1169 2356 speties

1057 2366 1210 2396 dissimilis

1057 2415 1152 2445 exitio

1058 2470 1124 2495 tuet

1060 2516 1180 2546 Accidit

1059 2566 1183 2596 exitium

1059 2616 1127 2645 caeli

1060 2666 1230 2705 permittere

1062 2715 1116 2745 tibi

1060 2764 1089 2793 in
1104 2764 1224 2795 solitum

1061 2814 1098 2844 ad
1112 2819 1214 2855 portes

1061 2874 1150 2902 quam

1056 2911 1092 2959 jn
1107 2913 1195 2943 unica

1052 2963 1069 2977 -)

1401 689 1414 715 1
1419 690 1483 716 500.

1323 777 1458 806 variante

1325 827 1407 856 nosci

1325 887 1378 915 per

1328 925 1484 954 insinuarit

1328 974 1357 1003 in
1371 974 1434 1003 orbi

1332 1023 1415 1052 Fana

1331 1073 1546 1112 simulacraque

1331 1124 1380 1153 hic

1332 1174 1435 1203 caelum

1335 1223 1446 1252 Libera

1333 1272 1488 1313 perenneis

1333 1322 1510 1353 animanteis

1333 1373 1409 1402 bone

1333 1432 1427 1452 aevum

1336 1471 1471 1510 Quaeque

1337 1521 1500 1560 prm-sertim

1335 1571 1410 1604 Quae

1336 1629 1444 1659 supera

1338 1669 1471 1698 aetheriis

1337 1718 1506 1759 relligiones

1338 1768 1433 1798 aereis

1339 1819 1490 1849 asciscunt

1339 1872 1467 1908 nequeat

1339 1919 1446 1958 cuique

1339 1979 1399 2008 qua
1412 1978 1479 1998 nam

1339 2017 1458 2046 haerens

1339 2076 1484 2096 moremur

1343 2121 1375 2146 et

1342 2165 1502 2204 caelumque

1342 2225 1467 2254 quorum

1343 2265 1431 2294 Treis

1343 2315 1458 2355 species

1344 2364 1514 2394 dissimileis

1344 2414 1436 2444 exitio

1345 2468 1410 2494 ruet

1347 2513 1456 2543 accidit

1348 2563 1471 2593 exitium

1347 2613 1411 2642 caeli

1347 2663 1518 2704 permittere

1348 2714 1383 2743 fit
1398 2714 1447 2744 ubi

1348 2764 1498 2794 insolitam

1349 2813 1488 2853 adportes

1349 2874 1438 2902 quarn

1350 2913 1464 2943 munita

1613 419 1632 438 Î•
1636 418 1654 438 X
1666 418 1707 438 'n'
1711 417 1769 437 POG
1774 417 1833 437 RA-

718 388 1866 400 *Î·Ï-...á¾–

726 442 847 462 cantus
861 441 997 462 mumm-
1023 441 1216 463 THEODORUS
1231 441 1272 460 DE

1586 473 1665 492 PHIA
1680 471 1863 492 soen-:rmus

1628 526 1826 547 mrox'nNAE.

1657 598 1794 640 Biponti.

1685 692 1699 717 1
1704 691 1770 720 782.

1606 777 1741 806 variante

1609 825 1688 854 vesci

1609 884 1662 914 per

1611 923 1768 953 insinuarit

1610 972 1640 1001 in
1654 973 1718 1002 orbi

1614 1020 1700 1051 Fana

1615 1071 1832 1110 simulacraque

1614 1121 1663 1150 hic

1615 1171 1721 1201 coelum

1618 1220 1729 1250 Libera

1617 1271 1773 1311 perenneis

1618 1323 1794 1353 animanteis

1617 1373 1693 1402 bene

1618 1432 1714 1452 aevum

1620 1472 1753 1511 Quaeque

1619 1523 1784 1562 praesertim

1621 1572 1699 1606 Quae

1620 1631 1729 1661 supera

1621 1671 1752 1700 aetheriis

1621 1719 1791 1761 relligiones

1621 1771 1716 1801 aereis

1621 1820 1793 1851 adsciscunt

1623 1874 1752 1909 nequeat

1622 1919 1750 1959 quoique

1623 1971 1762 2005 Quanam

1624 2022 1743 2050 haerens

1625 2079 1771 2099 moremur

1625 2129 1660 2148 ac

1627 2167 1792 2206 coelumque

1630 2218 1745 2247 Horum

1625 2267 1714 2297 Treis

1628 2317 1744 2357 species

1627 2365 1800 2396 dissimileis

1627 2417 1720 2447 exitio

1628 2471 1694 2497 ruet

1629 2515 1758 2547 Accidat

1629 2564 1751 2594 exitium

1629 2614 1697 2644 coeli

1629 2662 1799 2704 pervincere

1630 2713 1665 2744 fit
1682 2713 1731 2743 ubi

1630 2762 1781 2793 insolitam

1631 2812 1771 2851 adportes

1632 2872 1691 2901 qun

1633 2911 1749 2941 munita
