1967 3314
540 263 756 313 LIBRI
803 262 1160 313 SECUNDL

225 474 430 498 FERRANDUS.

473 446 596 467 PAULUS
609 447 744 468 FMDEN-
770 446 961 467 THEODORUS
976 446 1017 466 DE

740 513 744 518 ·
779 500 1012 521 RAGAzoNIBUS.

827 604 966 633 Venetiis.

856 695 937 723 1495.

1126 476 1238 498 ALDUS.

1115 601 1248 631 Vcnetiz's.

1142 693 1155 718 1
1160 693 1224 719 500.

1520 271 1616 319 227

1351 422 1393 442 Ex
1408 423 1573 445 'n'POGRA-

1314 478 1317 482 ⁴
1328 476 1405 496 PHIA
1422 477 1605 499 socmTATls

1371 530 1564 551 BIPONTINAE.

1399 600 1534 641 Biponti.

1428 694 1441 720 1
1447 694 1509 723 782.

82 750 1313 763 —-——-—-—————-——.——--—-——————
1337 750 1605 759 Ἣ..

541 500 579 520 PE
583 501 677 522 RGER.

538 606 676 636 Verom-

111 649 151 678 V.

232 688 306 718 Sine
318 688 347 718 A
352 699 416 719 nno.
570 696 650 724 1486,

85 787 158 816 1097
207 778 305 809 suffire
489 782 590 812 suffice

206 828 312 858 feracis
483 831 598 862 ‘feracis

87 886 160 915 1093
208 877 238 907 in
252 888 288 907 ve
491 879 522 909 in
535 891 572 910 -ve

492 934 592 969 presto

86 985 161 1014 1099
492 983 527 1008 ut

492 1028 614 1069 caelique

86 1084 100 1109 1
107 1084 162 1110 100
492 1089 558 1107 cum

492 1128 563 1157 aedis

88 1183 101 1208 l
107 1182 159 1208 101
492 1177 611 1207 deserta

209 1227 352 1256 decedens
492 1226 637 1256 decedens

88 1281 101 1307 l
106 1281 162 1307 102
211 1277 320 1306 Saeviat
495 1276 596 1306 Seviat

209 1336 267 1364 quo
493 1336 551 1365 quo

209 1379 349 1405 nocentes
493 1379 632 1405 nocentes

88 1429 101 1455 1
107 1429 162 1455 103
209 1429 355 1454 merentes
492 1428 639 1454 merentes

88 1479 101 1505 1
107 1479 161 1505 105
209 1479 288 1505 terre
493 1479 582 1505 terrae

210 1526 362 1555 cohortum
493 1525 631 1555 cohetum

89 1579 164 1607 1106
212 1574 341 1604 circhum
494 1575 603 1604 circum

90 1632 103 1656 1
109 1631 164 1660 107
212 1634 280 1663 quae
495 1635 551 1664 que

212 1673 338 1704 contulit
496 1675 602 1705 cotulit

92 1728 122 1753 11
127 1730 164 1755 08
213 1728 292 1754 terre
495 1730 582 1755 terrae

91 1779 164 1807 1109
216 1776 352 1815 Apparet
496 1776 632 1815 Apparet

214 1825 278 1854 caeli
497 1825 561 1854 caeli

92 1883 103 1907 1
110 1883 123 1907 1
130 1883 165 1908 12
214 1874 294 1904 secla
498 1875 578 1905 secla

92 1932 103 1957 1
111 1933 123 1957 1
130 1933 165 1958 14
214 1924 379 1964 procudunt
497 1924 662 1964 procudunt

214 1976 382 2014 aetheraque
497 1975 611 2003 aethera

92 2031 165 2057 1115
217 2025 353 2064 Denique
498 2024 637 2063 Denique

216 2074 322 2114 perfice
496 2073 603 2114 perfice

91 2131 143 2156 111
149 2131 166 2156 8
216 2123 336 2153 Vitales
499 2123 618 2153 Vitales

93 2181 167 2207 1120
217 2175 246 2204 Η
251 2174 278 2204 ic
501 2175 561 2204 Hic

215 2229 332 2255 auctam
498 2228 616 2254 auctam

94 2279 108 2304 1
114 2279 165 2304 121
216 2283 398 2313 quaecuuque
499 2284 671 2314 quecunque

218 2322 306 2351 hilari
499 2325 588 2354 hilari

220 2372 258 2401 ad
268 2375 386 2401 auctum
501 2375 539 2405 ad
553 2378 672 2404 auctum

98 2428 110 2452 1
117 2428 129 2452 1
134 2427 172 2453 22
220 2421 329 2451 adultae
502 2424 617 2454 adulcae

98 2477 110 2502 1
117 2477 172 2502 125
220 2471 406 2501 adsummunt
503 2474 690 2504 adsummunt

99 2527 111 2552 1
118 2526 173 2552 124
222 2520 332 2550 inditur
503 2524 614 2554 inditur

100 2577 172 2602 1125
221 2569 293 2599 latae
504 2574 573 2604 latae

222 2624 256 2649 ut
505 2628 536 2654 et

99 2673 173 2701 1126
221 2669 356 2710 dispendi
506 2673 641 2713 dispendi

222 2720 352 2749 vescitur
506 2723 634 2752 vestitur

100 2773 113 2799 1
119 2774 173 2804 127
222 2774 312 2809 atque
507 2778 597 2812 atque

221 2820 357 2850 recedere
507 2822 645 2852 recedere

101 2871 114 2898 1
119 2871 174 2900 128
221 2881 325 2900 manus
506 2872 602 2902 minus

222 2921 350 2952 dandum
364 2926 412 2952 est
506 2923 634 2954 dandum
647 2926 696 2953 est

777 779 877 809 suffice

776 828 883 859 feracis

777 879 807 908 in
821 890 857 908 ve

778 933 879 968 presto

778 981 812 1007 ut

779 1027 900 1067 caelique

779 1088 844 1107 cum

779 1126 851 1156 aedis

779 1177 898 1206 deserta

779 1226 925 1256 decedens

781 1276 882 1306 Seviat

778 1337 837 1366 quo

779 1379 918 1405 nocentes

778 1428 924 1454 merentes

779 1478 869 1504 terrae

779 1525 932 1554 cohortum

779 1574 888 1603 circum

780 1633 837 1663 que

782 1673 907 1704 contulit

780 1727 868 1752 terrae

781 1774 918 1811 Apparet

781 1822 845 1852 caeli

783 1873 863 1903 secla

784 1922 948 1963 procudunt

784 1972 956 2011 aetheraque

785 2021 921 2060 Denique

783 2071 890 2111 perfice

785 2121 905 2150 Vitales

787 2171 847 2200 Hic

783 2225 902 2250 auctum

784 2281 956 2310 quecunque

786 2321 873 2351 hilari

786 2372 824 2401 ad
836 2375 955 2401 auctum

787 2422 896 2451 adultae

787 2472 825 2501 ad
838 2476 987 2501 summunt

788 2522 899 2552 diditur

789 2570 860 2600 latae

789 2626 823 2650 ut

790 2671 925 2711 dispendi

791 2722 917 2751 vestitur

791 2776 881 2810 atque

792 2821 930 2851 recedere

792 2882 895 2901 manus

792 2921 921 2952 dandum
935 2925 983 2952 est

1061 792 1075 810 s
1080 780 1173 811 uffims

1060 830 1184 860 feraceis

1060 880 1126 910 inve

1063 1029 1185 1070 caelique

1063 1090 1129 1108 cum

1064 1128 1152 1157 aedeis

1064 1177 1183 1207 deserta

1062 1228 1202 1257 recedens

1064 1276 1173 1306 Saeviat

1064 1337 1122 1365 quo

1062 1375 1214 1404 nocenteis

1062 1425 1220 1454 merenteis

1062 1479 1150 1504 terrae

1063 1528 1194 1553 coortum

1063 1574 1173 1604 circum

1063 1635 1129 1664 quae

1064 1673 1198 1703 contudit

1064 1728 1150 1753 terrae

1065 1774 1194 1813 Aptaret

1065 1823 1129 1853 caeli

1066 1872 1146 1902 secla

1066 1922 1230 1961 producunt

1065 1972 1235 2012 aetheraque

1067 2021 1205 2061 Denique

1066 2071 1172 2111 perfice

1067 2121 1198 2152 Vitaleis

1070 2173 1099 2202 H
1103 2173 1130 2202 ic

1067 2226 1186 2251 auctum

1066 2282 1247 2312 quaecunque

1026 2344 1028 2346 -
1067 2322 1155 2352 hilari

1067 2371 1196 2401 adauctu

1068 2422 1177 2452 adultae

1069 2473 1229 2503 adsumunt

1070 2522 1181 2551 diditur

1071 2572 1131 2602 late

1071 2627 1105 2652 ut

1072 2671 1220 2712 dispendii

1073 2722 1203 2752 vescitur

1075 2776 1164 2810 atque

1074 2821 1210 2851 recedere

1077 2882 1180 2901 manus

1077 2922 1206 2952 dandust

1347 778 1445 808 suffire

1347 828 1472 860 feraceis
1487 828 1489 830 ¹

1346 877 1435 917 inque

1347 932 1457 966 praesto

1348 1225 1488 1255 recedens

1349 1273 1459 1304 Saeviat

1347 1323 1425 1361 quod

1347 1374 1498 1403 nocenteis

1347 1423 1504 1453 mcrenteis

1347 1476 1434 1502 terrae

1347 1526 1479 1552 coortum

1348 1571 1456 1601 circum

1349 1631 1414 1660 quae

1348 1670 1475 1701 contulit

1342 1724 1436 1750 ‘terrae

1350 1773 1518 1813 Adpareret

1350 1821 1416 1851 coeli

1350 1872 1438 1902 saecla

1351 1922 1515 1962 procudunt

1350 1973 1521 2011 aetlieraque

1352 2021 1498 2052 Donicum

1351 2071 1460 2111 perfica

1354 2121 1484 2151 Vitaleis

1354 2172 1413 2201 His

1352 2226 1469 2252 auctam

1352 2282 1534 2312 quaecunque

1352 2322 1447 2351 hilaro

1352 2373 1481 2401 adauctu

1353 2421 1461 2451 adultae

1354 2473 1513 2502 adsumunt

1353 2522 1464 2551 diditur

1317 2596 1320 2597 γ
1355 2571 1416 2601 late

1356 2626 1389 2651 ut

1356 2671 1492 2713 dispendi

1358 2722 1487 2752 vescitur

1358 2784 1394 2803 ac

1357 2822 1499 2853 decedere

1359 2883 1463 2902 manus

1362 2921 1532 2952 dandum'st
