1967 3314
499 227 842 280 RICARDI
881 223 1274 276 BENTLEII.
1577 229 1667 270 461

215 367 283 399 Hic
306 366 409 398 Locus
430 364 526 406 vulgo
547 362 631 396 male
653 361 837 402 explicatur,
857 359 911 401 qui
933 358 1051 390 scilicet
1067 357 1150 389 male
1171 356 1311 397 legatur3
1334 354 1386 386 Sic
1407 354 1495 386 enim
1510 352 1675 385 emendari

175 422 327 464 oportuit,

389 508 449 545 At,
465 516 535 548 quae
549 510 626 536 sunt
641 502 741 535 solida
755 501 924 542 primordia
938 499 1149 539 simplicitate,

393 566 478 596 Cum
493 575 548 604 per
566 564 666 594 Inane
682 567 791 592 meant
805 570 953 598 vacuum,
970 569 1028 589 nec
1043 568 1093 588 res
1108 562 1281 588 remoratur

391 625 467 656 Ulla
482 624 568 663 foris,
584 633 666 657 Qum
682 623 748 662 ipsa
765 622 828 652 suis
843 620 861 651 ὲ
876 619 1014 660 partibus
1029 627 1141 654 unum,

392 684 518 722 Unum,
540 684 574 714 in
588 692 684 724 quem
699 691 817 721 coepere
830 680 938 711 locum
952 677 1090 709 connixa
1104 686 1292 709 renas-run.

1384 735 1494 766 Faber.

225 842 301 873 Non
316 846 362 872 est
380 840 479 881 Opus.

1386 890 1557 924 Bentleius

348 1005 416 1033 464
442 997 513 1033 Sed
529 996 624 1044 quod
641 1007 758 1031 amara
770 994 870 1031 vides
885 994 1020 1037 eadem,
1035 1004 1113 1039 quae
1130 991 1260 1028 fluvida
1275 997 1452 1033 constant,

444 1060 560 1096 Sudor
578 1061 626 1094 uti
643 1060 743 1094 maris
760 1065 814 1094 est
820 1071 832 1102 ;
856 1057 998 1093 minime
1013 1056 1049 1092 id
1065 1055 1222 1092 mirabile
1237 1053 1451 1091 habendum.

228 1134 430 1177 Legendum‚

405 1219 508 1251 Sudor
522 1230 648 1251 amarus
663 1225 700 1250 ut
715 1225 761 1250 est
774 1225 831 1250 etc.

1391 1274 1500 1305 Faber.

234 1377 355 1415 Immo,

413 1452 497 1483 Udor
511 1451 560 1482 uti
574 1451 671 1480 maris
688 1454 735 1479 est
750 1454 808 1480 etc.

1400 1505 1573 1537 Bentleius.

339 1626 422 1654 1121
451 1619 543 1654 Nam
561 1629 780 1665 quaecunque
795 1616 894 1652 vides
909 1615 1023 1651 hilaro
1039 1615 1270 1662 grandescere
1286 1616 1450 1660 adauctu,

452 1682 710 1727 Paullatimque
726 1680 853 1726 gradus
870 1679 984 1715 aetatis
1002 1680 1170 1715 scandere
1186 1680 1332 1722 adultae3

454 1744 559 1780 Plura
577 1744 642 1778 sibi
658 1743 859 1785 adsumunt,
875 1754 978 1788 quam
997 1742 1040 1777 de
1058 1755 1095 1777 se
1112 1754 1262 1789 corpora
1278 1743 1434 1785 mittunt,

454 1808 553 1842 Dum
570 1806 673 1842 facile
689 1806 726 1840 in
742 1819 849 1842 venas
866 1806 963 1841 cibus
981 1806 1094 1841 omnis
1111 1806 1257 1848 diditur3
1280 1812 1316 1841 et
1332 1805 1417 1841 dum

457 1871 541 1905 Non
558 1870 608 1906 ita
625 1877 707 1905 sunt
724 1869 795 1905 late
813 1870 980 1916 dispersa,
1004 1877 1044 1905 ut
1061 1869 1172 1904 multa
1188 1869 1381 1913 remittant,

458 1933 504 1968 Et
520 1933 600 1980 plus
617 1933 791 1980 dispendii
807 1933 949 1976 faciant,
970 1945 1073 1980 quam
1091 1935 1235 1968 vescitur
1251 1940 1348 1969 aetas.

243 2019 361 2050 Versus
376 2024 451 2049 suut
464 2019 612 2058 illustres,
640 2024 671 2049 et
693 2029 732 2049 ex
745 2019 939 2059 penitissima
954 2029 1124 2059 corporum
1146 2019 1361 2050 animatorum
1383 2019 1633 2051 consideratIOne
1655 2030 1710 2060 pe-

202 2075 266 2113 titi;
287 2074 342 2104 sed
357 2074 390 2104 in
408 2073 476 2112 illo,

420 2162 463 2191 Et
477 2160 549 2200 plus
563 2160 721 2200 dispendii
737 2158 867 2200 faciant,
881 2169 978 2202 quam
994 2157 1129 2192 vescitur
1144 2168 1230 2200 aetas,

206 2246 299 2287 plane
326 2246 445 2287 aliquid
470 2254 516 2278 est
539 2247 622 2288 quod
646 2255 754 2279 contra
779 2249 885 2279 Po'etae
909 2254 1052 2279 mentem
1077 2248 1179 2280 faciat.
1227 2249 1357 2281 Constat
1380 2250 1497 2292 quippe
1520 2252 1587 2282 haec
1609 2254 1715 2292 verba,

206 2300 298 2341 ιμιᾶηι
313 2303 454 2336 vescitur,
473 2302 616 2340 opposita
631 2301 693 2332 illis
707 2312 788 2340 esse,
808 2304 880 2341 plus
895 2304 1053 2342 dispendii
1065 2303 1206 2344 fizcimm
1233 2304 1344 2346 Itaque
1371 2319 1404 2336 ιτα
1425 2308 1504 2337 vesci
1526 2305 1717 2347 significaret

209 2358 380 2396 acquirere,
392 2366 522 2394 parare,
546 2361 603 2385 etc.
625 2355 677 2385 cui
693 2356 736 2386 rei
753 2356 889 2397 Linguae
905 2356 1028 2387 Latinae
1041 2367 1117 2388 usus
1136 2358 1294 2390 reclamat.
1340 2360 1553 2396 Quamobrem
1569 2363 1654 2393 hunc
1669 2361 1715 2393 lo-

209 2421 283 2441 cum
298 2411 341 2441 ita
355 2420 477 2449 semper
492 2409 665 2450 legendum
681 2410 868 2441 existimavi.

428 2502 471 2532 Et
488 2502 560 2542 plus
576 2501 733 2542 dispendii
749 2502 866 2534 faciant
882 2513 979 2544 quam
994 2505 1142 2537 nancitur
1160 2512 1244 2537 oetas.

1423 2568 1533 2599 Faber.

259 2669 333 2699 Hoc
349 2669 514 2709 ignoravit,
531 2668 595 2700 scil.
612 2671 689 2700 vesci
704 2669 874 2711 aliquando
896 2672 995 2704 active
1016 2673 1114 2705 sumi:
1140 2674 1226 2716 quod
1248 2680 1355 2707 tamen
1371 2676 1527 2708 Phaedrus
1548 2688 1625 2709 suus
1647 2690 1720 2711 eum

216 2723 327 2755 docere
343 2723 506 2763 potuisset:
532 2723 585 2754 lib.
604 2723 632 2755 I.
648 2724 725 2755 Fab.
738 2728 789 2757 51.

437 2805 497 2835 Ille
513 2805 676 2836 credentes
690 2816 755 2837 sese
772 2807 902 2839 tradunt
917 2807 1026 2839 milvio

438 2864 502 2899 Qui
519 2874 654 2904 reguum
670 2865 802 2905 adeptus
816 2866 910 2908 coepit
924 2867 1005 2899 vesci
1017 2867 1164 2909 singulas.
