1967 3314
328 265 427 306 220
622 256 1073 307 VARIANTES
1118 254 1552 306 LECTIONES

1594 419 1636 438 Ex
1647 418 1795 441 TYPOGRA
1802 431 1814 438 .

1572 472 1649 493 ruis
1665 473 1815 495 socn'rAT

1614 526 1806 549 mroNTiNAE.

724 439 844 460 PAULUS
858 439 995 460 riuum<-
1017 438 1208 460 TBEODORUS
1222 439 1263 459 DE

1023 493 1176 513 RAGAzox
1180 493 1257 514 [BUS.

474 471 676 492 alirunnas.

792 495 927 515 PERGEB..

515 596 642 627 Brixiae.
788 597 920 628 Veronae.
1076 598 1214 629 Veraetiis.

484 687 557 717 Sine
569 687 666 717 Anno.

1103 693 1186 722 1495.

1667 695 1680 720 1
1685 694 1750 724 782.

461 788 584 817 quaeque

743 789 859 818 queque
1024 789 1139 819 queque
1306 789 1429 818 quaeque
1588 791 1716 820 quaeque

462 828 620 858 commixta
744 828 903 858 commixta
1025 829 1185 858 commixta
1307 829 1461 859 commista
1589 829 1744 859 commista

463 876 681 907 insensibilibus
745 877 964 907 insensibilibus
1025 878 1213 908 insensilibus
1307 878 1494 909 insensilibus
1588 877 1776 908 insensilibus

463 927 548 967 gigni
745 926 828 966 gigni
1027 928 1111 967 gig-ni
1310 928 1393 958 nasci
1588 928 1674 968 gigni

465 976 567 1005 Mixta
749 976 850 1006 Mixta
1030 977 1133 1007 Mixta
1312 977 1410 1007 Misia
1592 977 1691 1008 Mista

464 1025 557 1054 foedus
746 1025 841 1056 foedus
1029 1025 1123 1055 foedus
1310 1027 1396 1057 rebus
1590 1027 1684 1058 foedus

462 1085 634 1115 quecunque
746 1087 918 1116 quecunque
1028 1087 1201 1116 quecunque
1309 1086 1494 1116 qnaecunque
1590 1087 1775 1118 quaecunque

465 1125 579 1156 Sensile
592 1124 703 1165 templo
740 1127 884 1157 Sensibile
893 1126 1001 1167 templo
1030 1125 1157 1156 Sensilia
1169 1131 1280 1156 extem
1311 1126 1438 1156 sensilia
1451 1130 1562 1156 extem
1595 1127 1722 1157 Sensilia
1732 1131 1843 1156 ext--

491 1186 537 1206 rue
557 1175 641 1216 gigni
660 1174 704 1204 di
774 1187 820 1207 me
834 1177 918 1218 gigni
936 1177 980 1206 di
1047 1176 1096 1215 plo
1103 1180 1134 1206 et
1144 1187 1190 1206 me
1198 1176 1279 1217 gigni
1328 1176 1378 1217 plo
1385 1180 1417 1206 et
1423 1186 1469 1206 me
1480 1176 1561 1217 gigni
1591 1177 1640 1218 plo
1645 1181 1677 1207 et
1684 1187 1789 1207 sensus
1797 1187 1843 1207 me

490 1236 557 1255 ecre
567 1236 673 1255 sensus
776 1237 842 1256 cere
855 1237 961 1257 sensus
1046 1225 1143 1255 dicere
1157 1236 1262 1256 sensus
1327 1227 1425 1257 dicere
1438 1237 1543 1257 sensus
1589 1228 1687 1258 dicere
1699 1227 1794 1268 gigni:

465 1276 578 1307 Sensile
746 1277 890 1308 Sensibile
1029 1275 1143 1305 Sensile
1311 1277 1425 1308 Sensile
1592 1276 1706 1307 Sensile

744 1339 801 1367 que
1027 1336 1084 1365 que
1309 1337 1377 1367 quae
1591 1337 1657 1367 quse

745 1377 861 1417 predita
1027 1374 1151 1415 praedita
1307 1376 1435 1416 praedita
1589 1376 1717 1416 praedita

743 1438 801 1467 que
1025 1435 1083 1464 que
1306 1437 1372 1465 quae
1587 1437 1656 1467 quae

744 1477 817 1507 nihil
1023 1474 1096 1504 nihil
1307 1476 1348 1506 nil
1587 1477 1629 1506 nil

745 1528 799 1556 hec
1024 1527 1088 1556 haec
1306 1526 1369 1555 haec
1587 1527 1651 1556 haec

743 1586 813 1615 qum
1024 1585 1092 1614 qum
1307 1586 1373 1604 cum
1587 1586 1653 1606 cum

744 1625 805 1654 sint
1025 1624 1086 1654 sint
1306 1625 1368 1654 sint
1587 1630 1657 1655 sunt

744 1675 852 1704 imbres
1024 1674 1131 1704 imbres
1306 1673 1424 1703 imbreis
1587 1674 1706 1704 imbreis

744 1735 853 1754 novare
1023 1733 1132 1753 novare
1306 1734 1413 1753 novare
1587 1734 1663 1754 nova
1675 1735 1708 1754 re

461 1773 618 1804 sensilibus
743 1774 932 1805 sensibilibus
1023 1773 1181 1803 sensilibus
1305 1773 1463 1804 sensilibus
1586 1774 1744 1805 sensilibus

459 1824 510 1863 qui
742 1824 793 1864 qui
1023 1823 1074 1863 qui
1305 1825 1355 1863 qui
1587 1834 1653 1854 cum

460 1874 570 1904 sensile
741 1874 879 1904 sensibile
1023 1873 1132 1903 sensile
1304 1874 1413 1904 sensile
1585 1874 1695 1904 sensile

459 1923 537 1953 sueti
741 1925 822 1955 sueci
1023 1923 1100 1953 sueti
1303 1924 1381 1954 sueti
1586 1924 1678 1954 suetis

459 1983 525 2002 curn
740 1985 809 2014 qum
1023 1983 1091 2012 quin
1303 1985 1367 2004 curn
1584 1978 1647 2004 tum

459 2032 517 2052 nan
741 2036 807 2055 nam
1023 2031 1089 2050 nam
1303 2035 1368 2054 nam
1585 2034 1651 2053 nam

458 2081 631 2111 quecunque
739 2085 912 2115 quecunque
1021 2081 1192 2111 quecunque
1302 2084 1483 2115 quaecunque
1583 2084 1765 2114 quaecunque

459 2121 521 2150 haec
740 2125 794 2154 hec
1021 2122 1086 2150 haec
1303 2124 1369 2154 haec
1583 2125 1645 2154 haec

458 2170 562 2200 similis
739 2173 843 2203 similis
1019 2171 1123 2200 Similis
1301 2174 1423 2205 simileis
1581 2174 1689 2204 similia

459 2221 556 2260 putari
738 2224 835 2262 putari
1018 2224 1115 2262 putari
1301 2224 1426 2263 putarim
1583 2224 1678 2265 putari

458 2280 578 2300 necesse
594 2275 640 2300 est
739 2278 890 2303 necessest
1020 2280 1171 2303 necessest
1301 2280 1451 2305 necessest
1584 2286 1636 2304 nec
1650 2286 1717 2305 esse

459 2319 597 2360 Namque
740 2323 878 2362 Namque
1020 2323 1158 2362 Namque
1302 2324 1430 2364 Nanque
1584 2326 1722 2365 Namque

457 2369 530 2399 alios
739 2372 812 2402 alios
1018 2372 1092 2401 alios
1300 2374 1373 2404 alios
1581 2376 1671 2405 alium

456 2421 549 2450 omnis
742 2422 835 2452 omnis
1017 2423 1111 2452 omnis
1299 2424 1411 2454 omneis
1581 2425 1709 2455 omnium

373 2474 409 2500 12
457 2472 618 2511 Corporum
739 2473 899 2512 Corporum
1019 2471 1182 2511 Corporum
1300 2473 1438 2513 Corporis
1582 2475 1720 2515 Corporis

455 2521 653 2551 animantibus
736 2521 910 2551 animalibus
1018 2521 1193 2551 animalibus
1299 2525 1473 2555 animalibus
1583 2524 1756 2555 animalibus

454 2572 653 2602 assimilentur
737 2571 947 2601 assimulantur
1019 2571 1227 2602 assimulentur
1300 2574 1499 2605 assimilentur
1579 2573 1791 2604 adsimulentur

1583 2623 1680 2654 Vitali

1581 2674 1623 2703 Et

1581 2722 1652 2752 lethi

1579 2782 1644 2802 curn

451 2819 623 2849 animalibus
733 2821 906 2852 animalibus
1015 2820 1190 2851 animalibus
1298 2821 1471 2851 animalibus
1578 2821 1747 2851 animalibu'

448 2866 528 2897 decet
732 2870 813 2900 deest
1016 2869 1096 2899 deest
1297 2871 1357 2901 sint
1578 2871 1639 2900 sint

731 2920 809 2953 Quid
1017 2919 1096 2953 Quid
1297 2920 1383 2956 Quod
1579 2919 1664 2954 Quod
