1967 3314
343 282 439 323 320

484 488 688 509 FZRBANDL'S.
805 507 942 527 PERGER·

520 614 648 644 Brixiae.
812 610 943 643 Vercmoe„

496 705 569 735 Sine
583 705 682 734 Anno.

367 801 426 831 299
472 795 661 836 suppeditare

367 851 425 878 305
474 845 598 885 primum

475 894 615 934 quicquid
759 887 899 927 quicquid

475 945 654 974 flammarum
760 937 891 967 flammas

369 1000 427 1028 306
475 996 538 1024 haec
760 988 816 1016 hec

476 1056 530 1074 nec
761 1048 815 1066 nec

370 1101 428 1130 307
477 1093 574 1124 cernis
761 1086 842 1116 cerni

371 1151 430 1177 308
479 1144 569 1175 turris
763 1138 851 1168 terris

372 1201 430 1230 309
479 1193 695 1232 simulacraque
763 1188 999 1227 simulachraque

373 1251 432 1276 310
479 1243 640 1284 precellere
765 1237 924 1278 precellere

478 1293 546 1323 finis
766 1287 834 1317 finis

374 1351 429 1377 311
481 1347 586 1372 nature
766 1343 883 1368 uaturae

374 1401 409 1427 31
414 1401 433 1426 2
481 1392 661 1422 monimenta
766 1388 945 1418 monimenta

375 1450 433 1478 313
482 1442 622 1477 Quaerere
766 1438 898 1472 Querere

482 1502 536 1532 pro
547 1501 635 1532 porro
767 1498 821 1528 pro
835 1498 923 1527 porro

484 1542 541 1571 sibi
555 1551 669 1580 cunque
767 1536 825 1566 sibi
837 1536 974 1576 omnique

484 1601 655 1621 scenescere
769 1596 924 1615 senescere

485 1640 588 1670 credas
770 1635 874 1665 credas

379 1698 437 1724 514
486 1701 505 1719 a
517 1690 618 1720 vulsos
770 1685 890 1715 avulsos

380 1747 437 1773 315
487 1740 554 1770 acui
770 1735 826 1765 aevi

488 1790 566 1819 vires
771 1786 849 1815 vires

488 1839 610 1880 patique
771 1835 897 1876 pacique

381 1897 439 1925 317
488 1889 661 1928 infinitoque
772 1885 946 1924 infinitoque

490 1940 724 1980 pertolerassent
772 1934 1018 1974 perlotterassent

382 1996 440 2024 319
490 1996 573 2020 tuere
773 1988 857 2013 tuere

490 2050 637 2080 supraque
774 2045 864 2074 supra

488 2100 573 2119 omne
774 2094 861 2113 omne

385 2146 443 2172 320
492 2144 601 2168 terram
775 2138 885 2162 terram

491 2188 571 2218 deest
775 2181 856 2212 deest

493 2244 682 2279 proprocreat
775 2238 911 2274 procreat

386 2294 442 2322 321
493 2288 613 2328 quidam
775 2283 893 2323 quidem

494 2341 648 2378 perempta
777 2338 930 2374 perempta

388 2395 446 2421 322
494 2387 612 2417 mortali
779 2382 882 2412 matali

495 2442 615 2468 constat
778 2436 918 2463 constant

390 2494 447 2520 323
496 2487 688 2528 quodcunque
779 2483 973 2523 quodcunque

390 2541 448 2570 326
497 2538 657 2567 Terrarum
781 2533 940 2563 Terrarum

497 2586 564 2617 caeli
780 2582 844 2612 caeli

393 2643 449 2671 327
498 2647 590 2678 supra
779 2643 871 2673 supra

393 2692 450 2718 328
499 2687 573 2716 alias
587 2696 703 2726 quoque
781 2684 914 2723 aliasque

499 2736 631 2766 cecinere
780 2739 903 2765 tenuere

500 2790 589 2825 poetae
782 2784 888 2815 Poe'tae

393 2840 451 2869 329
499 2835 612 2864 tociens
780 2834 891 2865 totiens

499 2894 593 2924 neque
783 2894 820 2913 ne

392 2939 451 2967 330
498 2933 685 2965 monimentis
782 2930 967 2964 monimentis

735 454 795 474 ΡΑΠ
802 454 859 474 Lus
871 453 1006 474 rammi·
1022 451 1223 481 ,Tnssononus
1238 451 1280 470 DE

1036 504 1271 525 nAGAzoxlnus.

1092 605 1231 636 Veneriis.

1117 704 1199 733 1495.

1042 789 1232 830 suppeditare

1042 841 1136 880 primu

1044 891 1183 931 quicquid

1045 941 1176 970 flammas

1046 991 1110 1019 haec

1046 1049 1101 1068 nec

1047 1087 1128 1117 cerni

1048 1138 1136 1169 terris

1048 1187 1286 1228 simulachraque

1048 1238 1209 1278 procellere

1050 1289 1117 1319 finis

1051 1344 1165 1369 naturae

1051 1388 1230 1418 monimenta

1051 1439 1182 1473 Querere

1054 1498 1106 1528 pro
1120 1499 1207 1528 porro

1053 1538 1110 1568 sibi
1122 1538 1260 1577 omnique

1054 1598 1209 1617 senescere

1055 1637 1159 1666 credas

1055 1686 1174 1716 avulsos

1055 1737 1111 1766 aevi

1057 1787 1135 1816 vires

1057 1836 1183 1876 pacique

1057 1884 1230 1924 infinitoque

1058 1934 1302 1974 pertollerassent

1058 1989 1142 2014 tuere

1058 2043 1150 2072 supra

1059 2093 1144 2112 omne

1060 2138 1169 2162 terram

1060 2182 1142 2212 deest

1061 2235 1198 2271 procreat

1062 2280 1179 2321 quidem

1062 2335 1216 2371 perempta

1061 2379 1163 2409 matali

1063 2432 1204 2459 constant

1065 2477 1260 2517 quodcunque

1066 2528 1227 2557 Terrarum

1064 2577 1133 2608 caeli

1065 2638 1156 2668 supra

1066 2678 1199 2716 aliasque

1066 2733 1187 2758 tenuere

1069 2778 1171 2808 Poetae

1067 2828 1177 2859 totiens

1067 2891 1104 2910 ne

1068 2929 1254 2962 monimentis

634 269 1090 320 VARIANTES
1135 266 1572 317 LECTIONES

1386 482 1500 502 ALDUS.

1373 606 1511 637 Venetiis.

1402 702 1415 727 1
1421 703 1484 728 500.

1327 789 1516 829 subpeditare

1328 840 1451 878 primurn

1329 889 1468 928 quicquid

1330 938 1462 967 flammai

1331 987 1394 1016 haec

1332 1047 1368 1065 ne

1332 1086 1428 1115 cernis

1332 1135 1441 1165 turreis

1333 1185 1548 1224 simulacraque

1335 1234 1496 1274 precellere

1336 1285 1421 1315 fineis

1335 1340 1448 1365 naturae

1337 1385 1515 1415 monimenta

1336 1436 1448 1466 caedere

1338 1496 1477 1526 proporro

1338 1535 1495 1574 subitoque

1337 1595 1493 1615 senescere

1339 1635 1442 1665 credas

1339 1685 1457 1715 avolsos

1340 1735 1396 1765 aevi

1340 1784 1429 1815 vireis

1341 1835 1463 1875 patique

1342 1885 1456 1915 infinito
1469 1895 1534 1924 quae

1342 1934 1573 1976 pertolerassent

1343 1996 1427 2015 ruere

1346 2044 1510 2074 superaque

1345 2094 1430 2114 omne

1345 2133 1436 2164 terrai

1345 2182 1425 2212 deest

1347 2237 1482 2273 procreat

1346 2282 1463 2322 quidam

1349 2336 1502 2372 perempta

1347 2379 1465 2411 mortali

1349 2434 1467 2461 constat

1348 2489 1521 2520 quocunque

1351 2536 1496 2561 terrarum

1351 2580 1417 2611 coeli

1344 2640 1458 2670 supera

1351 2680 1401 2710 alii
1415 2688 1531 2719 quoque

1352 2729 1483 2759 cecinere

1354 2779 1454 2809 Poe'tae

1353 2827 1442 2857 toties

1354 2887 1407 2906 nec

1354 2929 1539 2960 monimentis

1618 427 1658 446 tx
1670 426 1838 447 TYPOGRA-

1590 480 1666 500 rum
1683 479 1865 500 SOCIETATIS

1630 533 1826 554 mros‘rmae.

1660 606 1796 647 Biponti.

1691 701 1773 730 1782.

1612 790 1803 830 suppeditare

1614 839 1738 879 primum

1615 888 1758 927 quidquid

1615 938 1746 967 flammai·

1616 989 1679 1018 haec

1617 1048 1653 1067 ne

1617 1088 1714 1118 cernis

1618 1137 1727 1167 turreis

1618 1187 1834 1227 simulacraque

1620 1237 1778 1278 protollere

1620 1287 1706 1317 fineis

1622 1341 1735 1367 naturae

1622 1389 1811 1416 monumenta

1622 1436 1736 1466 Cedere

1622 1496 1762 1527 proporro

1622 1536 1702 1566 subit
1707 1546 1783 1575 oque

1624 1595 1779 1616 senescere

1624 1645 1695 1665 casu

1625 1684 1742 1714 avolsos

1625 1734 1681 1764 aevi

1627 1784 1716 1814 vireis

1627 1834 1748 1875 patique

1627 1885 1743 1915 infinito
1754 1894 1820 1924 quae

1628 1934 1861 1977 pertolerassent

1628 1990 1712 2015 tuere

1630 2043 1779 2075 supraque

1629 2093 1745 2112 omnem

1629 2137 1739 2162 terram

1629 2181 1709 2221 quod

1629 2233 1766 2272 procreat

1632 2279 1751 2319 quidam

1633 2333 1766 2370 peremta

1633 2377 1751 2409 mortali

1633 2432 1753 2460 constat

1634 2479 1829 2520 quodctmque

1637 2529 1745 2560 Terra'r'

1634 2580 1700 2610 coeli

1635 2639 1743 2669 supera

1635 2679 1686 2709 alii
1699 2684 1814 2718 quoque

1635 2727 1767 2758 cecinere

1638 2778 1742 2808 Poetae

1635 2827 1724 2858 toties

1636 2888 1690 2907 uec

1637 2926 1832 2958 monumentis
