1967 3314
280 254 375 300 278
608 240 1059 292 VARIANTES
1099 239 1541 289 LECTIONES

1563 401 1605 420 ex
1615 402 1779 424 n'roan·
1805 389 1814 431 Ι

1553 455 1612 475 ιιιΑ
1628 446 1809 478 secutum-is

1577 509 1771 531 mmmmm.

678 423 798 445 PAULUS
811 420 949 442 FRIDEN-
975 421 1166 442 TREonoRUs
1182 421 1222 440 nl:

421 458 623 479 rRRRANDns.

740 476 875 497 PERGER.
981 474 1216 494 RAGAzonnws.

1028 575 1168 606 Venetiie.
1315 577 1417 607 Veneti
1419 577 1455 607 is.

463 584 592 614 Brixiae.
748 582 879 611 Veronae.

1062 669 1146 700 1495.

777 674 863 702 1486.
1343 675 1428 701 1500.

433 674 506 704 Sine
519 675 619 703 Anno.

984 756 1109 790 Quesita

983 806 1116 835 videmus

985 859 1051 885 300.
1073 855 1175 885 elisam

1554 760 1628 794 Quae
1641 760 1702 789 sita

1555 809 1707 839 videamus

1554 857 1657 887 elisam

1268 759 1342 793 Quae
1356 759 1415 788 sita

1269 808 1419 837 videamus

1269 858 1348 886 deest
1362 867 1466 886 versus

699 760 825 794 Quesita

701 808 832 837 videmus

701 861 766 886 300.
781 857 884 887 elisam

415 763 492 797 Quae
505 761 566 791 sita

416 813 566 842 videamus

416 867 482 893 300.
502 862 587 891 lisam

505 915 584 940 retro
778 911 856 936 tetro
1076 909 1154 933 tetro
1555 912 1635 937 reu-0

417 966 483 992 301.
505 960 607 990 oculus
701 955 802 985 oeulos
986 953 1086 982 oculos
1270 953 1349 983 deest
1364 964 1467 983 versus
1554 956 1655 986 oculos

702 1004 779 1035 fierit
1554 1007 1645 1038 suerit

704 1059 737 1084 ut
1556 1057 1604 1086 hic

704 1105 786 1135 levus
1556 1105 1651 1135 laevus

1556 1167 1572 1185 e
1584 1155 1662 1185 laevo

1558 1205 1598 1235 sit

1559 1265 1651 1285 sexve

1559 1304 1716 1335 simulacra

989 1261 1042 1280 sex
1275 1263 1327 1282 SOX

1275 1302 1431 1332 simulacra

421 1261 488 1287 304.
509 1266 562 1285 sex

511 1305 668 1336 simulacra

704 1304 884 1335 simulachra
989 1301 1168 1330 simulachra

415 1361 482 1386 305.
497 1365 677 1395 quaecunque
705 1365 877 1394 quecunque
990 1362 1171 1391 quaecunque
1275 1363 1456 1391 quaecunque
1557 1362 1738 1392 quaecunque

495 1405 600 1435 latebit
707 1404 812 1434 latebit
990 1401 1094 1430 latebit
1274 1401 1410 1430 latebunt
1559 1402 1696 1432 latebunt

424 1457 490 1486 306.
505 1460 584 1485 torte
707 1458 794 1484 tortae
989 1455 1076 1480 tortae
1274 1455 1352 1480 torte
1558 1457 1636 1482 torte

492 1505 677 1546 poenitusque
707 1504 883 1544 penitusque
989 1500 1164 1541 penitusque
1275 1500 1450 1540 penitusque
1559 1502 1734 1542 penitusque

425 1560 492 1589 307.
514 1555 660 1596 perflexos
708 1554 853 1593 perflexos
992 1549 1137 1589 perflexos
1276 1560 1328 1590 per
1342 1549 1433 1578 flexos
1559 1562 1611 1591 per
1624 1551 1716 1581 flexos

516 1605 614 1634 aditus
709 1602 827 1631 additus
991 1599 1110 1628 additus
1275 1599 1374 1628 aditus
1560 1601 1658 1630 aditus

426 1657 492 1683 308.
514 1654 578 1682 haec
710 1652 765 1681 hec
992 1650 1053 1678 haec
1276 1649 1342 1677 haec
1560 1651 1624 1680 haec

517 1703 629 1732 aedibus
710 1700 814 1730 edibus
992 1698 1096 1728 edibus
1276 1696 1387 1726 aedibus
1561 1700 1676 1730 aedibus

426 1758 493 1786 309.
513 1752 593 1782 deest
711 1750 790 1780 deest
992 1746 1073 1776 deest
1277 1758 1293 1776 e
1561 1761 1578 1780 e

514 1801 678 1831 translucet
712 1800 875 1831 translucet
993 1795 1157 1826 tranSlucet
1277 1796 1403 1826 tralucet
1561 1800 1688 1830 tralucet

427 1856 494 1882 310.
516 1851 583 1880 leva
712 1851 778 1880 leva
994 1846 1059 1875 leva
1278 1846 1344 1876 leva
1562 1850 1636 1880 laeva

514 1902 586 1931 data
598 1905 645 1930 est
711 1902 782 1931 data
792 1906 839 1931 est
994 1896 1064 1925 data
1077 1898 1124 1924 est
1278 1895 1380 1925 datast
1561 1899 1675 1930 data'st

428 1956 495 1981 311.
519 1951 592 1980 Inde
714 1951 787 1980 Inde
997 1945 1070 1974 Inde
1280 1945 1410 1984 Indeque
1565 1951 1639 1980 1nde

520 2000 596 2029 redit
712 2000 789 2029 redit
995 1992 1071 2022 redit
1278 1993 1354 2023 redit
1564 2000 1660 2030 reddit

518 2049 598 2079 deest
712 2050 792 2079 deest
995 2043 1074 2072 deest
1278 2044 1358 2074 deest
1563 2061 1595 2080 30

995 2102 1175 2133 quaecunque

997 2143 1045 2172 Ad
1060 2141 1146 2171 simili

996 2191 1174 2221 simulachra

996 2243 1119 2272 mittunt

998 2292 1114 2322 Circum
1129 2290 1228 2330 agitur

423 2103 489 2130 312.
505 2109 684 2138 quaecunque

423 2152 489 2178 313.
507 2148 555 2178 Ad
569 2148 656 2178 simili

425 2202 492 2228 314.
506 2197 663 2227 simulacra

508 2247 662 2277 remittunt

421 2301 487 2331 317.
498 2297 613 2327 Circum
622 2298 686 2338 agi-

528 2352 577 2377 tur

1278 2104 1458 2134 quaecunque

1280 2143 1420 2173 Adsimili

1279 2193 1436 2223 simulacra

1280 2242 1434 2272 remittunt

1281 2293 1498 2333 Circumagitur

1563 2108 1742 2139 quaecunque

1564 2147 1702 2177 Adsimili

712 2110 884 2139 quecunque

714 2149 763 2178 Ad
779 2149 867 2179 simili

713 2197 891 2228 simulachra

1563 2196 1720 2226 simulacra

1563 2246 1717 2276 remittunt

1565 2294 1782 2335 circumagitur

714 2249 835 2278 mittunt

716 2299 833 2329 Circum
847 2299 946 2339 agitur

508 2408 574 2427 cum
715 2410 783 2439 qum
999 2403 1067 2432 qum
1282 2404 1347 2423 cum
1564 2405 1629 2424 cum

511 2452 630 2488 propter
643 2458 678 2476 ca
716 2453 872 2489 propterea
999 2447 1156 2483 propterea
1282 2447 1438 2483 propterea
1566 2449 1722 2484 propterea

427 2502 493 2531 319·
510 2497 668 2537 Indugredi
721 2498 881 2538 Indugredi
1000 2490 1162 2532 Indugredi
1282 2493 1437 2534 indugredi
1568 2493 1738 2534 Endogredi

512 2547 669 2577 simulacra
717 2548 895 2578 simulachra
999 2542 1177 2573 simulachra
1283 2544 1441 2574 simulacra
1567 2543 1723 2574 simulacra

435 2599 501 2624 320.
518 2594 667 2624 nobiscum
1000 2592 1083 2622 nobis
1096 2601 1164 2630 qum
1282 2593 1432 2623 nobiscum
1567 2593 1718 2623 uobiscum

718 2600 802 2630 nobis
815 2610 883 2639 qum

435 2649 501 2674 322.
518 2648 666 2683 nequeant
719 2654 865 2689 nequeant
1000 2646 1147 2681 nequeant
1284 2646 1430 2682 nequeant
1568 2645 1716 2681 nequeunt

519 2693 599 2723 illinc
719 2700 780 2730 illic
1001 2691 1061 2722 illic
1285 2691 1364 2722 illinc
1567 2691 1647 2721 illinc

521 2742 678 2773 simulacra
720 2749 898 2779 simulachra
1002 2739 1160 2770 simulacra
1285 2739 1443 2770 simulacra
1568 2740 1724 2770 simulacra

329 2795 388 2824 349
436 2791 465 2820 in
720 2799 749 2828 jn
1003 2790 1031 2819 in
1288 2801 1304 2819 e
1568 2791 1597 2820 in

434 2841 464 2870 in
720 2850 749 2879 jn
1003 2841 1033 2869 in
1286 2840 1316 2869 in
1569 2850 1587 2868 a

330 2895 388 2921 352
434 2891 553 2921 Obsidit
564 2892 633 2931 quia
719 2888 838 2919 Obsidit
854 2888 923 2928 quia
1002 2890 1121 2920 Obsidit
1136 2889 1206 2929 quia
1287 2888 1465 2927 obsiditque
1479 2887 1540 2916 vias
1569 2887 1746 2927 obsiditque
1760 2886 1825 2915 vias

434 2940 591 2971 simulacra
720 2938 897 2970 simulachra
1001 2940 1179 2970 simulachra
1287 2937 1445 2969 simulacra
1570 2936 1727 2967 simulacra
