1967 3314
332 269 426 309 322

482 474 684 495 FERRANDUS.

518 599 646 629 Brixioe.

497 687 570 716 Sine
583 687 682 717 Anno.

473 778 616 807 Corruere

475 829 538 858 Aut

473 877 562 906 aliam

476 927 588 956 Deficit

473 976 616 1016 exspargi

475 1025 592 1066 possint

476 1075 528 1106 leti

475 1125 620 1166 praeclusa
631 1130 678 1154 est

475 1176 547 1206 caelo
759 1172 832 1202 caelo
1045 1174 1117 1204 caelo
1329 1168 1404 1203 coelo
1616 1172 1690 1202 coelo

414 1232 426 1238 ·
476 1236 571 1265 neque
761 1232 815 1251 uec
1045 1235 1099 1254 nec
1329 1234 1383 1253 nec
1615 1232 1670 1252 nec

474 1275 592 1315 equoris
760 1271 889 1311 aequoris
1045 1275 1171 1314 aequoris
1328 1273 1455 1312 aequoris
1616 1274 1745 1313 aequoris

476 1326 570 1364 hyatu
761 1322 844 1351 hiatu
1044 1325 1129 1354 hiatu
1330 1322 1414 1353 hiatu
1615 1323 1699 1354 hiatu

475 1384 630 1404 necessum
645 1379 693 1403 est
760 1377 945 1402 necessumst
1044 1378 1229 1405 necessumst
1329 1376 1515 1402 necessumst
1617 1374 1813 1405 necessum'st

479 1424 554 1453 Haec
762 1423 830 1452 Hec
1047 1425 1114 1453 Hec
1331 1422 1410 1451 Haec
1618 1425 1693 1454 Haec

475 1486 542 1514 quae
759 1482 816 1511 que
1043 1483 1112 1512 quae
1329 1483 1395 1511 quae
1615 1485 1684 1515 quae

476 1525 554 1555 vires
760 1522 837 1551 vires
1043 1524 1122 1553 vires
1329 1521 1417 1551 vireis
1616 1525 1704 1555 vireis

475 1575 524 1615 pio
760 1570 840 1600 deest
1044 1573 1124 1602 deest
1330 1570 1378 1610 pio
1615 1575 1664 1614 pio

475 1634 661 1664 nequaquam
762 1630 798 1649 ne
811 1631 959 1660 quaquam
1045 1633 1081 1652 ne
1095 1633 1242 1661 quaquam
1329 1629 1514 1658 nequaquam
1616 1632 1800 1662 nequaquam

475 1673 635 1704 certamine
761 1671 921 1701 certamine
1044 1671 1204 1701 certamine
1330 1667 1500 1697 certaminis
1615 1672 1785 1703 certaminis

475 1724 542 1754 ollis
760 1720 833 1750 solis
1045 1721 1117 1751 solis
1328 1718 1397 1749 ollis
1615 1722 1682 1752 ollis

475 1775 519 1805 sol
533 1779 564 1804 et
760 1770 838 1800 solet
1046 1771 1123 1801 solet
1330 1769 1374 1799 sol
1387 1774 1419 1799 et
1616 1772 1661 1802 sol
1673 1776 1706 1802 et

475 1835 491 1854 e
505 1824 584 1865 potis
760 1832 776 1851 e
790 1821 869 1861 potis
1046 1833 1062 1851 e
1076 1822 1155 1862 potis
1331 1819 1428 1860 epotis
1616 1821 1712 1861 epotis

475 1874 668 1916 exuperarint
760 1871 951 1912 exuperarint
1045 1872 1236 1913 exuperarint
1331 1870 1520 1910 exuperarint
1616 1872 1823 1913 exsuperarint

475 1926 632 1956 intendunt
761 1921 918 1951 intendunt
1047 1924 1204 1953 intendunt
1330 1920 1468 1950 itcndunt
1617 1921 1773 1952 intendunt

475 1976 610 2014 ultraque
761 1970 842 2000 deest
854 1980 959 2000 versu-⁴1
1046 1972 1126 2002 deest
1144 1983 1250 2002 versus
1330 1969 1466 2009 ultraque
1616 1974 1752 2013 ultroque

473 2024 618 2055 diluviare
761 2019 915 2049 dilluviare
1045 2021 1200 2052 dilluviare
1328 2018 1471 2048 diluviare
1616 2023 1760 2053 diluviare

477 2075 526 2104 Ne
540 2073 696 2113 quicquam

475 2135 562 2164 quom
761 2128 848 2157 quom
1045 2131 1132 2160 quom
1615 2124 1753 2164 quoniam

476 2179 628 2205 verrentes
761 2172 911 2197 vertentes
1044 2175 1194 2200 vertentes
1330 2173 1481 2197 verrentes
1616 2177 1766 2203 verrentes

477 2225 661 2255 Deminuunt
762 2217 939 2248 Diminuunt
1046 2219 1222 2250 Diminuunt
1330 2216 1497 2246 diminuunt
1618 2224 1802 2254 Demjnuunt

475 2276 625 2315 radiisque
761 2268 851 2298 radiis
1044 2269 1134 2299 radiis
1329 2265 1477 2305 radiisque
1615 2273 1764 2312 radiisque

474 2325 615 2356 ἅψει-ως
760 2318 906 2347 aethereus
1044 2320 1190 2350 aetlnereus
1329 2315 1468 2344 aesslffl‘ius
1616 2323 1756 2353 aetherius

475 2373 586 2414 incepti
761 2368 881 2408 incoepti
1044 2369 1163 2408 incoepti
1331 2364 1451 2404 incoepti
1618 2372 1738 2413 incoepti

474 2424 553 2454 fama
566 2427 614 2453 est
761 2418 840 2448 fama
852 2423 900 2448 est
1044 2418 1122 2448 fama
1135 2424 1183 2449 est
1330 2414 1440 2445 famast
1618 2422 1738 2453 fama'flt

475 2474 613 2515 reg-navit
761 2469 897 2508 regnavit
1045 2469 1181 2509 regnavit
1330 2465 1462 2505 regnarit
1617 2471 1750 2513 regnarit

474 2523 606 2554 ambiens
761 2519 893 2549 ambiens
1044 2518 1176 2549 ambiens
1329 2519 1461 2549 ambiens
1617 2523 1738 2552 ambens

474 2573 590 2614 perusit
759 2571 890 2611 perussit
1045 2570 1175 2608 perussit
1331 2571 1461 2610 perussit
1616 2571 1747 2612 perussit

474 2624 619 2663 phetonta
761 2621 914 2661 phoetonta
1045 2619 1198 2658 phoetonta
1332 2619 1522 2651 Pha'e'thonta
1618 2622 1808 2651 Phaethonta

473 2683 615 2713 equorum
760 2681 908 2710 aequorum
1045 2678 1196 2707 aequorum
1330 2681 1470 2710 equorum
1616 2680 1755 2711 equorum

473 2724 568 2753 omnis
759 2720 854 2750 omnis
1044 2717 1139 2748 omnis
1330 2719 1444 2750 omneis
1617 2720 1728 2750 omneis

475 2784 541 2802 cum
760 2781 826 2800 cum
1044 2779 1109 2798 cum
1332 2775 1394 2800 tum
1617 2775 1679 2799 tum

474 2823 619 2861 phetonta
761 2821 915 2859 phoetonta
1046 2818 1200 2857 phoetonta
1334 2820 1523 2850 Phaethonta
1619 2818 1809 2848 Pha'e'thonta

475 2871 592 2901 cadenti
760 2870 879 2899 cadenti
1044 2868 1161 2898 cadenti
1331 2870 1464 2900 cadentis
1617 2867 1734 2897 cadenti

473 2925 634 2952 trementes
759 2925 920 2951 trementes
1043 2923 1204 2950 trementes
1332 2919 1502 2950 trementeis
1618 2918 1789 2949 trementeis

645 260 1102 310 VARIANTES
1152 259 1592 309 LECTIONES

1616 421 1657 441 EX
1669 421 1835 442 'tyrosin-

1592 475 1669 495 mim
1685 474 1867 496 socm‘rans

1633 528 1829 549 a1PONT1NAE.

734 442 854 463 PAULUS
866 442 1002 462 PRIDEN-
1029 441 1221 462 'rflzononus
1236 441 1277 461 nl:

803 495 938 516 PERGER.
1032 496 1267 517 RAGAZOMBUS.

1380 474 1493 495 ALnus.

1376 599 1516 630 Venetiie.

1089 601 1228 631 Venetiis.

834 688 919 716 1486.
1405 692 1490 718 1500.

1615 775 1759 804 Proruere

1615 827 1679 854 Aut

1613 873 1701 902 aliam

1615 921 1727 952 Deficit

1613 970 1753 1011 exspergi

1615 1022 1731 1062 possint

1614 1073 1689 1102 lethi

1614 1122 1804 1162 praeclusa‘st

1326 789 1462 807 corruere

1327 830 1391 859 Aut

1326 878 1414 907 aliam

1330 927 1439 956 Deficit

1327 985 1364 1004 ex
1368 977 1451 1015 pergi

1328 1025 1445 1065 possint

1330 1073 1382 1103 leti

1329 1124 1503 1163 praeclusast

1043 780 1187 809 Corruere

1044 829 1086 859 Et

1042 878 1101 908 alia

1044 927 1165 956 Defficit

1042 976 1168 1015 expargi

1044 1030 1169 1065 possunt

1044 1075 1105 1104 laeti

1045 1124 1183 1164 preclusa
1195 1129 1244 1154 est

756 777 900 806 Corruere

758 973 882 1013 expargi

759 1027 885 1062 possunt

760 1072 819 1102 laeti

759 1122 895 1163 preclusa
907 1126 955 1152 est

764 2068 814 2097 Ne
828 2069 985 2109 quicquam
1047 2071 1096 2100 Ne
1111 2071 1268 2111 quicquam
1331 2068 1524 2107 nequicquam
1617 2074 1827 2114 Nequidquam

1329 2118 1468 2156 quoniam

1035 2981 1055 3006 3
