1967 3314
436 295 773 345 RICARDI
820 295 1206 344 BENTLEII.
1479 303 1573 343 423

245 433 307 462 461
338 427 502 463 Sensibus
519 440 596 463 esse
612 429 750 463 datum:
777 427 879 463 facil&
894 435 935 463 ut
952 439 1162 473 cognoscere
1178 427 1290 472 possis

336 491 419 525 Non
438 489 457 525 ὲ
471 490 658 536 perplexis,
674 491 735 525 sed
751 491 863 525 acutis
879 502 956 525 esse
974 490 1168 524 elementis.

125 559 201 589 Duo
216 558 335 590 Versus
354 559 490 590 Delend.

245 663 313 690 464
339 657 448 691 Sudor
463 656 516 692 uti
532 655 636 691 maris
652 662 718 699 cst,
735 653 875 690 minime
891 655 927 689 id
945 652 1101 688 mirabile
1117 654 1310 688 habendum.

124 736 224 777 Lego,
248 736 348 768 Udor.
373 737 411 767 B.
434 736 487 767 lib.
505 737 567 767 VI.
582 747 611 766 v·
627 736 832 776 501.—Lege
854 745 929 765 cum
952 734 1050 765 MSS.
1072 733 1229 776 cuiquam.
1276 734 1363 765 Illud
1379 733 1573 773 habendum,

85 790 216 822 Marulli
231 796 286 822 est.

246 906 312 934 503
335 900 382 934 Et
399 905 597 934 contemtus
616 899 704 934 odor
724 899 880 944 myrrhoe,
896 897 1076 944 mellisque
1093 905 1244 944 sapores,

124 978 212 1010 Edit.
228 980 347 1011 Veron.
394 980 545 1019 Smyrnae.

243 1082 310 1110 586
337 1075 448 1111 Sicuti
464 1075 727 1121 quadrupedum
744 1087 823 1110 cum
840 1076 960 1122 primis
977 1088 1054 1112 esse
1069 1076 1226 1111 videmus

121 1143 219 1186 Lege,
235 1144 331 1175 Sicut.

243 1248 309 1277 596
334 1242 440 1278 Unde
456 1242 562 1277 etiam
578 1241 702 1278 fluidas
723 1241 890 1285 frondeis,
905 1249 941 1278 et
956 1242 1083 1289 pabula
1098 1242 1180 1277 laeta

123 1310 208 1342 Vide
222 1321 250 1342 v.
267 1315 338 1343 874.

244 1414 307 1442 601
337 1409 512 1442 Sublimem
528 1409 564 1443 in
582 1420 685 1443 curru
700 1409 836 1455 bijugos
853 1409 984 1454 agitare
1000 1408 1136 1444 leones:

126 1487 166 1518 Ο.
182 1497 207 1518 c.
225 1487 376 1520 Sedibus?
400 1488 484 1529 lego,
502 1487 634 1518 Sedibus
647 1488 681 1518 in
696 1488 824 1528 superis.
869 1488 961 1529 Virg.
981 1489 1056 1519 AEn.
1075 1488 1139 1519 XI.
1154 1498 1181 1519 v.
1198 1492 1267 1520 552.

293 1563 447 1593 Velocem
471 1563 591 1594 interea
605 1567 722 1603 superis
737 1566 771 1594 in
787 1565 913 1594 sedibus.

246 1670 315 1698 630
339 1666 439 1709 Quos
455 1671 650 1699 memorant
666 1664 833 1709 Phrygios
851 1663 942 1698 inter
958 1665 1098 1710 seforte
1113 1669 1245 1700 catenas

124 1745 214 1786 Lego
227 1753 303 1776 cum
318 1744 416 1775 MSS.
431 1750 541 1785 terque
552 1750 738 1785 quaterque:
765 1750 846 1774 tercc
860 1749 987 1775 caterce.

247 1860 311 1889 631
339 1853 496 1895 Ludunt,
512 1853 550 1887 in
569 1863 821 1898 numerumque
839 1851 1017 1888 exsultant
1031 1854 1191 1899 sanguine
1205 1852 1294 1888 laetz':
1321 1859 1357 1886 et

126 1929 167 1965 Q.
183 1938 209 1960 c.
220 1927 300 1958 fleti:
326 1938 355 1968 q.
370 1926 457 1965 freti3
478 1926 551 1966 lego
868 1911 871 1915 Δ

295 2013 428 2044 Ludunt
441 2013 475 2043 in
493 2023 675 2052 numerum,
688 2018 781 2054 atque
796 2012 955 2044 exsultant
968 2012 1217 2054 sanguinolenti.

128 2099 222 2130 Silius
239 2099 305 2130 XI.
325 2098 445 2130 Decius
458 2098 500 2129 ad
521 2098 728 2129 Annibalem:

527 2185 570 2216 sic
585 2185 713 2216 victima
733 2195 859 2225 prorsus

294 2244 405 2285 Digna
417 2244 508 2274 cadat
522 2244 657 2282 Decius;
681 2254 738 2275 nec
753 2245 840 2275 enim
854 2250 885 2275 te
899 2245 1053 2286 sanguine
1068 2244 1178 2276 laetum

297 2303 454 2334 Humano
468 2304 509 2334 sit
523 2304 570 2334 fas
586 2304 672 2335 caesis
686 2303 822 2343 placasse
833 2304 985 2345 juvencis.

250 2406 317 2434 636
343 2400 480 2434 Armati
495 2401 532 2434 in
551 2411 735 2435 numerum
752 2406 899 2435 starent:
927 2399 1070 2446 pernice
1087 2398 1215 2434 chorea

133 2471 232 2501 Abest
247 2479 266 2499 a
280 2478 308 2499 v.
326 2467 415 2499 codd.
430 2473 522 2498 recte.

253 2584 322 2612 680
348 2576 503 2612 Reddita
520 2583 602 2612 sunt
619 2587 697 2611 cum
714 2576 840 2620 odore3
863 2577 901 2611 in
919 2577 1038 2623 primis
1058 2576 1224 2623 pleraque
1239 2576 1342 2618 dona,

344 2639 542 2685 Relligione
559 2640 712 2675 animum
729 2640 822 2687 turpi
839 2653 918 2676 cum
936 2648 1078 2687 tangere
1093 2646 1206 2686 parto.

135 2709 212 2741 Duo
230 2710 349 2740 Versus
366 2709 501 2740 Delend.

254 2814 320 2842 740
344 2808 435 2842 Nam
453 2818 532 2841 cum
554 2807 729 2853 caecigeni,
746 2807 829 2842 solis
845 2807 904 2853 qui
921 2807 1052 2841 lumina
1067 2817 1246 2851 nunquam

344 2870 539 2915 Aspexere,
554 2877 671 2905 tamen
688 2877 901 2916 cognoscant
918 2881 1065 2915 corpora
1080 2875 1190 2911 tactu,

351 2934 406 2968 Ex
423 2933 567 2969 ineunte
583 2945 659 2970 aevo
676 2934 775 2969 nullo
793 2933 972 2969 contincta
989 2932 1119 2968 colore:
