1967 3314
315 281 411 322 200

320 1291 323 1293 ’
350 1294 404 1320 182

350 1393 406 1419 183

351 1492 406 1518 185

352 1539 407 1568 186

352 1592 408 1620 187

353 1641 408 1666 188

355 1739 410 1768 189

354 1790 410 1819 190

357 1941 409 1970 191

358 1991 413 2020 192

363 2292 418 2321 104

364 2342 417 2371 105

364 2389 418 2420 196

364 2441 418 2470 197

366 2590 421 2619 198

328 2730 335 2736 ι
368 2688 422 2717 190

365 2786 424 2812 200

367 2836 420 2861 201

606 270 1064 321 VARIANTES
1111 270 1255 319 LEC
1271 269 1561 322 TIONES

457 487 658 508 mer-RANDUS.

492 610 618 640 Brixiae.

467 698 541 727 Sine
553 698 650 728 Anno.

444 795 609 832 propag-ent

445 840 615 880 confingunt

445 890 525 920 deest

446 940 563 970 omnibu

450 990 634 1029 Magnopere

447 1050 513 1078 quae

447 1087 511 1118 caeli

448 1149 507 1179 qua
520 1147 588 1178 quoe

448 1189 511 1218 haee
525 1187 586 1217 sint

450 1237 567 1278 predita

451 1289 516 1323 Que

451 1338 538 1368 memi

452 1390 588 1428 superest

453 1438 642 1479 expediamus

454 1499 508 1517 sua
523 1487 552 1516 vi

454 1537 544 1567 meari

455 1587 491 1616 de
506 1587 534 1616 in
548 1587 637 1616 timeo

456 1647 558 1666 versus

456 1686 594 1727 aug-mina

456 1735 549 1765 nitide

456 1796 488 1816 se
501 1790 549 1815 est

456 1847 521 1866 cum

457 1886 589 1915 ferantur

458 1947 524 1966 cum

462 1986 503 2016 Et

460 2036 576 2065 flamma

461 2085 619 2124 trabesque

462 2135 558 2165 facere

463 2186 597 2226 subjecta

464 2234 623 2275 putandum
636 2236 683 2263 est

463 2295 550 2325 quom

464 2333 600 2364 exuitans

464 2383 621 2421 trabesque

464 2444 522 2473 quo

465 2483 560 2524 magis

466 2534 597 2575 urgimus
611 2532 671 2562 alta

467 2584 551 2614 multi

467 2635 529 2664 altu
547 2645 635 2675 egere

468 2685 573 2725 cupide

469 2739 599 2764 removet

469 2785 648 2823 exiliantque

469 2833 532 2861 haec

470 2887 610 2921 quantum
624 2887 671 2912 est

470 2930 639 2964 dubitamus

709 455 829 475 PAULUS
841 454 978 475 mum-:N-
998 452 1189 473 THEononus
1205 452 1249 472 DE

776 509 913 529 PERGER.

773 612 902 642 Veronae.

805 703 887 731 1486.

729 796 892 833 propag-ent

730 841 900 881 confingunt

731 889 811 918 deest

732 938 864 968 omnibus

734 988 849 1027 Magno
861 997 948 1027 opere

732 1047 789 1075 que

733 1087 801 1117 caeli

733 1147 878 1177 quamque

734 1188 788 1217 hec
803 1187 863 1216 sint

738 1338 862 1368 Memmi

736 1398 824 1428 super
837 1392 884 1417 est

736 1438 926 1479 expediemus

738 1488 822 1518 suavi

738 1538 829 1568 meari

739 1588 805 1617 dem
819 1587 910 1617 timeo

740 1647 844 1667 versus

741 1687 859 1727 agmina

740 1736 842 1765 itidem

743 1798 775 1817 se
788 1790 837 1816 est

744 1847 812 1876 qum

744 1886 874 1916 ferantur

745 1947 813 1976 qum

748 1986 792 2015 Ec

745 2035 832 2065 flama

745 2086 903 2125 trabesque

747 2135 825 2164 facte

748 2184 883 2224 subjecta

747 2233 938 2274 putandumst

749 2295 814 2314 cum

749 2334 886 2364 exultans

748 2385 906 2423 trabesque

751 2444 808 2473 quo

750 2484 845 2524 magis

750 2533 880 2573 urgimus
894 2532 956 2563 altu

751 2583 844 2614 multa

752 2645 839 2675 egere
852 2633 914 2663 altu

753 2683 859 2724 cupido

752 2738 880 2764 removet

754 2783 936 2821 exiliantque

753 2835 808 2863 hec

753 2888 895 2923 quantum
910 2888 957 2913 est

753 2933 951 2964 dubibitamus

1010 508 1244 528 RAGAZONums.

1058 613 1195 643 Venetiis.

1091 710 1172 738 1495.

1014 801 1178 836 propagent

1015 845 1187 885 confingunt

1015 892 1095 922 deest

1015 943 1148 972 omnibus

1019 992 1134 1032 Magno
1148 1002 1235 1032 opere

1017 1051 1075 1080 que

1018 1090 1085 1120 caeli

1019 1150 1164 1180 quamque

1020 1190 1073 1219 hec
1088 1190 1149 1219 sint

1021 1399 1110 1428 super
1123 1392 1170 1417 est

1022 1438 1212 1478 expediemus

1021 1489 1106 1518 suavi

1023 1539 1115 1568 meari

1025 1588 1096 1617 dent
1112 1587 1201 1617 timeo

1026 1647 1128 1666 versus

1027 1686 1165 1725 augmina

1027 1735 1128 1764 itidem

1029 1795 1060 1814 se
1074 1788 1122 1814 est

1028 1844 1097 1874 qum

1029 1884 1160 1914 ferantur

1030 1945 1098 1974 qum

1032 1985 1077 2014 Ee

1030 2035 1116 2064 flama

1031 2084 1188 2122 trabesque

1031 2134 1110 2163 facte

1033 2184 1166 2222 subjecta

1032 2234 1225 2274 putandumst

1033 2294 1097 2312 cum

1033 2333 1172 2363 exultans

1034 2383 1192 2423 trabesque

1034 2443 1093 2472 quo

1034 2484 1129 2523 magis

1034 2534 1166 2575 urgimus
1180 2532 1240 2563 alta

1035 2584 1128 2613 multa

1035 2645 1123 2675 egere
1137 2634 1199 2664 altu

1036 2684 1143 2724 cupido

1037 2739 1165 2763 removet

1037 2784 1218 2822 exiliantque

1037 2835 1091 2863 hee

1038 2888 1179 2923 quantum
1193 2887 1240 2913 est

1039 2934 1206 2964 dubitamus

1360 485 1474 506 Annus.

1348 611 1484 641 Veneriis.

1376 703 1461 732 1500.

1299 796 1444 831 propaget

1299 839 1471 880 confingunt

1300 889 1381 918 deest

1302 939 1435 968 omnibus

1306 987 1492 1027 Magnopere

1304 1046 1372 1075 quae

1304 1086 1368 1116 caeli

1306 1146 1463 1176 quanquan

1307 1187 1373 1216 haec
1386 1191 1456 1216 sunt

1308 1398 1396 1427 super
1410 1391 1458 1416 est

1309 1436 1498 1476 expediemus

1310 1499 1364 1518 sua
1378 1487 1406 1516 vi

1313 1547 1409 1567 meare

1312 1587 1384 1615 dent
1396 1586 1486 1614 timeo

1312 1645 1415 1665 versus

1313 1686 1471 1726 augumina

1314 1735 1416 1765 nitidae

1315 1796 1347 1815 se
1360 1790 1407 1814 est

1313 1847 1379 1866 eum

1315 1887 1413 1916 ferant

1316 1947 1381 1966 cum

1320 1986 1360 2014 Et

1317 2036 1433 2064 flamma

1316 2085 1472 2124 trabesque

1316 2134 1412 2164 facere

1317 2185 1449 2224 subjecta

1318 2233 1479 2274 putandust

1317 2295 1382 2313 cum

1317 2334 1455 2363 exultans

1317 2385 1474 2423 trabesque

1317 2446 1375 2474 quo

1318 2484 1413 2525 magis

1320 2534 1451 2574 urg-imus
1466 2532 1526 2562 alte

1320 2583 1405 2613 multi

1321 2644 1401 2674 aegre

1323 2683 1428 2724 cupide

1324 2737 1454 2764 removet

1324 2784 1505 2822 exiliantque

1322 2835 1384 2863 haec

1324 2887 1468 2922 quantust

1323 2932 1490 2962 dubitamus

1591 435 1633 454 Ex
1645 435 1809 456 TYPOGRA·

1561 490 1639 510 mua
1657 489 1838 511 socmTA'ns

1604 544 1634 564 1³1
1638 544 1730 564 1²0le
1734 545 1796 565 NAE.

1633 616 1766 657 Biponti.

1660 711 1674 737 1
1680 710 1745 740 782.

1585 798 1750 833 propagent

1584 843 1702 882 fingunt

1587 892 1639 921 sed
1653 891 1683 921 in

1587 941 1721 971 omnibus

1591 991 1776 1032 Magnopere

1589 1052 1655 1080 <1¹¹ae
1802 1052 1803 1055 ’

1590 1091 1657 1121 coeli

1590 1141 1718 1172 tanta'st

1593 1191 1700 1221 desunt

1595 1500 1648 1520 sua
1662 1489 1691 1518 vi

1596 1550 1693 1570 meare

1597 1590 1668 1619 dent
1681 1589 1712 1618 in
1724 1599 1760 1619 eo

1600 1648 1703 1668 vorsus

1600 1687 1738 1728 augmina

1600 1738 1700 1768 nitidae

1600 1787 1675 1818 se'st

1601 1848 1666 1868 cum

1600 1888 1731 1921 ferantur

1602 1949 1681 1968 cum·

1604 1988 1645 2017 Et

1602 2038 1717 2067 flamma

1602 2086 1768 2124 trabeisque

1600 2135 1697 2166 facere

1601 2185 1756 2225 subigente

1602 2234 1774 2275 putandu‘st

1601 2295 1666 2314 cum

1603 2333 1756 2363 exsultans

1603 2383 1771 2422 trabeisque

1603 2442 1691 2472 quam

1603 2482 1692 2523 magi'

1603 2532 1756 2562 mersimus
1765 2531 1855 2560 altum

1604 2581 1689 2612 multi

1605 2642 1682 2672 aegre

1605 2681 1709 2721 cupide

1605 2730 1728 2761 revomit

1605 2781 1799 2820 exsiliantque

1606 2832 1672 2861 haee

1604 2879 1758 2920 quantu'st

1608 2930 1776 2960 dubitamus
