1967 3314
323 279 421 318 430
758 263 1380 316 ANNOTATIONES

490 407 558 436 900
581 400 754 446 Stansque
764 400 956 444 jacentem,
972 409 1036 432 nec
1053 397 1210 440 lacerari,
1224 397 1323 433 urive
1337 397 1465 433 dolore.

368 469 542 501 Lambinus
556 469 694 509 corrigit,
709 466 824 498 dolere.
870 467 942 508 Ego
957 467 1000 498 sic
1015 472 1118 497 totum
1133 466 1271 498 emendo

545 545 697 584 Stansque
708 543 867 583 jacentem
882 565 963 573 .....
980 541 1107 572 lacerari
1124 542 1221 578 urive,
1236 541 1341 572 dolere
1350 563 1431 572 .....

370 621 393 652 f.
408 620 516 658 illum3
536 630 590 651 nec
605 621 691 650 abest
704 618 738 649 in
756 618 854 650 Codd.
872 618 967 649 MSS.

497 724 560 754 901
591 718 681 752 Nam
698 716 727 752 si
742 716 778 750 in
795 722 908 750 morte
924 715 1112 759 malum’st,
1127 714 1227 751 malis
1244 725 1431 761 morsuque
1446 713 1595 750 ferarum

377 791 501 828 Malim,
517 791 616 829 Tum,
632 790 680 821 vel
695 790 716 821 J
719 799 779 820 am.

501 895 566 923 903
592 887 732 933 Ignibus
748 884 949 931 impositum
966 884 1087 919 calidis
1103 891 1297 919 torrescere
1313 883 1475 926 flammis;

591 951 667 985 Aut
684 950 719 983 in
737 948 840 984 melle
856 949 959 983 situm
978 947 1150 991 suffocari,
1166 954 1271 993 atque
1286 947 1397 992 rigere

592 1013 744 1058 Frigore,
761 1023 839 1046 cum
856 1011 892 1045 in
910 1022 1045 1046 summo
1061 1010 1167 1056 gelidi
1183 1011 1286 1045 cubat
1302 1021 1443 1055 aequore
1460 1009 1550 1045 saxi:

594 1075 762 1122 Urgerive
777 1086 927 1121 superne
943 1074 1111 1109 obtritum
1127 1073 1284 1120 pondere
1300 1080 1414 1108 terrae.

384 1156 483 1194 Ordo,

555 1230 689 1271 Ignibus
703 1229 876 1269 inpositum
891 1229 998 1260 calidis
1012 1235 1179 1259 torrescere
1197 1228 1333 1258 flammis

555 1291 626 1320 Aut
641 1290 672 1319 in
689 1289 784 1319 melle
799 1289 897 1319 situm
911 1288 1066 1325 suffocari,
1090 1294 1182 1329 atquc
1196 1288 1298 1329 rigere

557 1349 712 1389 Urgerive
725 1359 860 1388 superne
875 1348 1024 1379 obtritum
1039 1347 1176 1387 pondere
1191 1353 1280 1378 terrae

558 1408 701 1448 Frigore,
717 1417 790 1438 cum
805 1408 839 1438 in
854 1417 979 1438 summo
993 1406 1090 1447 gelidi
1106 1407 1199 1436 cubat
1214 1415 1339 1446 aequore
1353 1404 1428 1436 saxi.

512 1523 552 1553 91
562 1523 576 1551 1
604 1515 789 1552 Praesidio:
815 1514 932 1558 miser,
947 1515 966 1549 ὁ
982 1514 1098 1558 miser,
1122 1513 1233 1558 aiunt,
1247 1513 1365 1549 omnia
1379 1511 1509 1549 ademit

390 1589 489 1629 Lego,
513 1587 568 1624 ah3
591 1583 746 1622 Catullus,

563 1662 666 1694 Miser
681 1662 720 1692 ah
736 1660 831 1692 miser
847 1659 1032 1692 Concubine
1046 1669 1144 1691 nuces
1158 1657 1208 1691 da.

395 1750 554 1787 Tibullus,

566 1824 678 1856 Donec
693 1824 733 1855 ah
747 1822 842 1854 miser
856 1821 965 1861 miser;

394 1908 427 1936 et
443 1903 545 1936 Graec.
560 1916 581 1934 a
595 1900 663 1934 δειλ.
680 1901 718 1932 Β.
764 1898 921 1938 Catullus,

574 1979 675 2011 Miser
690 1979 729 2009 ah
744 1977 841 2009 miser
856 1974 1062 2018 quaerendum
1077 1981 1132 2011 est,
1148 1973 1245 2005 etiam
1259 1978 1353 2014 atque
1367 1971 1463 2004 etiam
1477 1972 1589 2003 anime.

522 2083 590 2113 920
614 2075 863 2111 Insatiabiliter
884 2074 1083 2120 deflebimus,
1105 2078 1346 2118 aeternumque

403 2146 526 2178 Omnes
549 2144 647 2176 MSS.
670 2143 862 2174 deflevimus.
909 2143 989 2178 Quae
1002 2153 1075 2173 vera
1089 2142 1182 2173 lectio
1196 2148 1250 2173 est.

527 2249 594 2278 922
620 2240 718 2276 Illud
735 2241 778 2275 ab
794 2239 862 2275 hoc
881 2238 985 2285 igitur
1002 2238 1288 2285 quaerendum'st,
1303 2236 1387 2283 quid
1404 2236 1449 2273 sit
1464 2238 1580 2271 amari.

399 2311 485 2344 vide
499 2322 527 2343 v.
543 2315 615 2344 946.

578 2384 665 2422 Quid
681 2384 720 2415 sit
734 2389 908 2423 tantopere:
925 2382 1019 2423 plana
1034 2382 1142 2420 dictio,
1158 2381 1226 2412 sine
1242 2382 1354 2412 amari.

407 2464 463 2495 An
479 2463 539 2504 leg.
558 2462 692 2493 Amabo.
740 2459 800 2491 Sed
816 2465 886 2490 tum
902 2458 1072 2490 dicendum
1087 2463 1174 2493 esset,
1190 2464 1246 2496 est,
1262 2467 1338 2492 non,
1354 2457 1402 2487 sit.

507 2584 511 2589 -
532 2565 601 2596 954
624 2559 776 2605 Vitaque
791 2557 829 2593 in
846 2554 1014 2604 qffensu’st
1024 2568 1038 2591 .·
1064 2567 1127 2591 cur
1143 2553 1292 2602 amplius
1309 2553 1437 2589 addere
1454 2552 1592 2599 quaeris,

407 2634 450 2666 O.
469 2633 567 2666 codd.
592 2633 719 2665 offenso.
764 2631 982 2670 Democritu53
1003 2632 1175 2672 Ἀνοημονες,
1202 2644 1236 2661 ‘ro
1256 2631 1304 2672 ζῃν
1319 2630 1353 2664 ὦς
1372 2628 1476 2671 [ὅμως]
1493 2639 1660 2668 στυγεοντες
1685 2626 1735 2668 ζῃν
1758 2625 1874 2655 {demvm

362 2689 479 2730 ἶειματι
495 2688 594 2721 ἀΐδεω.
644 2688 752 2726 Idem3
774 2689 944 2727 Ἀναημονες,
960 2689 1077 2718 bavam
1092 2684 1254 2724 δεδοικοτες,
1271 2697 1424 2727 ’γηρασκειν
1441 2684 1579 2714 {Senum-

536 2794 598 2823 961
633 2787 752 2821 Omnia
768 2785 797 2821 si
813 2796 934 2832 pergas
950 2784 1100 2820 vivendo
1116 2783 1257 2819 vincere
1272 2783 1387 2818 soecla:

416 2860 515 2891 Saecla
539 2871 580 2891 sc.
607 2863 776 2899 hominum,
804 2870 869 2891 non
891 2870 1053 2891 annorum.
1100 2858 1163 2890 Sed
1187 2857 1258 2889 vide
1272 2868 1302 2889 v.
1320 2859 1410 2889 1105.
1454 2854 1542 2895 Ergo
1565 2861 1641 2894 cape
1665 2849 1705 2882 de
1729 2847 1881 2880 omnibus

370 2915 470 2946 saeclis
485 2925 654 2952 annorum,
668 2926 767 2957 usquc
782 2915 823 2946 ad
838 2915 934 2956 hujus
949 2914 1064 2947 mundi
1078 2913 1219 2946 exitium.
