1967 3314
350 252 445 292 258

653 243 1107 294 VARIANTES
1148 244 1590 294 LECTIONES

492 457 646 478 rznmffln
654 458 699 477 L'S.

742 426 862 446 PAULUS
875 427 1009 447 ramus-
1036 427 1226 448 Tnzonmws
1242 427 1283 446 DE

810 480 946 500 PERGER.

815 585 946 616 vem-m

383 631 425 659 V.
751 647 1016 654 ——.

381 769 438 795 880

382 819 436 844 881

385 917 442 943 882

385 966 442 992 883

385 1015 442 1040 884-

387 1065 442 1090 885

386 1111 444 1139 886

386 1213 443 1239 888

388 1263 444 1292 889

388 1313 446 1342 890

389 1460 443 1490 891

390 1511 447 1539 892

391 1612 449 1641 894

393 1762 448 1791 895

393 1812 450 1840 898

393 1862 450 1891 899

394 2009 453 2038 900

395 2108 450 2136 901

396 2157 453 2186 903

396 2207 454 2236 901.

397 2257 454 2286 905

399 2456 456 2485 907

399 2554 457 2583 908

400 2604 458 2632 909

401 2653 459 2682 910

403 2751 457 2779 911

507 670 580 700 Sine
593 670 690 700 Anno.

482 761 619 790 miserum

487 809 599 838 Differe

487 870 505 888 a

486 919 552 938 cum

487 955 666 996 indignarier

488 1012 574 1046 putes

489 1054 618 1086 interfiat

486 1114 539 1133 nos
553 1104 583 1133 in
597 1113 695 1132 cerum

489 1155 612 1184 subesse

489 1214 664 1245 quemquam

490 1254 567 1284 unde

491 1303 555 1334 radi
567 1302 646 1333 citus

491 1353 561 1383 tolit

492 1403 545 1433 icit

492 1452 603 1482 inscius

493 1503 592 1533 Vivus

492 1563 558 1582 cum

493 1602 614 1631 miseret.

493 1650 601 1680 dividit

495 1700 588 1730 hilum

495 1749 578 1779 illum

496 1799 577 1829 videt

496 1851 552 1881 Cui

497 1900 582 1930 vivus

497 1953 679 1990 peremptum

498 2000 579 2029 deest

498 2049 581 2078 urive

498 2098 606 2128 malum
619 2102 667 2128 est

498 2153 661 2178 torrescere

500 2198 586 2228 melle

500 2249 582 2278 deest

501 2299 647 2339 Urget-ive

500 2349 636 2379 obrutum

501 2403 582 2429 certe

502 2451 635 2479 Atnuam

503 2498 564 2528 leta

503 2548 625 2589 Optima

506 2598 668 2639 Praeripere

505 2648 577 2678 facti

505 2698 676 2729 florentibus

508 2748 684 2778 Praesidium

507 2797 614 2826 misero

507 2845 613 2875 misere

507 2895 591 2926 aiunt

843 677 924 706 1486.

766 764 882 794 miseris

769 814 898 843 Differre

768 874 787 892 a

770 922 839 951 qum

770 961 949 1002 indignarier

772 1015 858 1051 putes

771 1061 848 1090 inter
860 1059 915 1089 fiat

773 1120 826 1140 nos
841 1110 871 1139 in
883 1119 981 1139 cerum

773 1161 828 1190 sub
843 1170 910 1190 esse

773 1220 939 1251 quenquam

775 1261 842 1292 inde

775 1311 838 1341 radi
852 1310 940 1340 citius

777 1361 856 1391 tollit

777 1410 830 1440 icit

772 1459 886 1500 justius

780 1509 875 1539 Unius

777 1569 848 1597 quin

778 1607 867 1636 miser
879 1611 911 1638 et

779 1657 886 1687 dividit

780 1708 863 1738 illum

781 1758 862 1788 illum

781 1807 899 1838 videtur

782 1858 838 1888 Cui

781 1908 869 1938 unius

782 1954 967 1997 peremptum

782 2006 862 2035 deest

783 2055 862 2085 utive

783 2104 922 2136 malumst

784 2161 894 2184 terrere
907 2165 940 2184 se
953 2164 1031 2184 caere

783 2202 870 2232 melle

785 2251 866 2280 deest

787 2300 917 2341 Urgeive

785 2350 921 2380 obrutum

786 2405 873 2430 terma

787 2450 909 2480 Atviam

787 2499 849 2529 leta

789 2549 911 2589 Oprima

790 2598 947 2640 Percipere

788 2649 861 2679 facti

789 2699 959 2729 florentibus

791 2748 956 2778 Presidium

791 2799 898 2828 misero

792 2848 899 2878 misere

791 2897 896 2928 aiuunt

1045 481 1279 501 RAGAZONJBUS.

1096 585 1235 615 Veneriis.

1127 678 1139 702 1
1144 677 1208 705 495.

1050 761 1164 791 miseris

1053 811 1180 841 Differre

1052 872 1070 891 a

1053 922 1121 949 qum

1055 959 1234 1000 indignarier

1056 1014 1142 1049 putes

1056 1059 1133 1089 inter
1147 1058 1200 1088 fiat

1057 1118 1110 1138 nos
1124 1108 1153 1138 in
1167 1118 1265 1137 cerum

1058 1158 1113 1188 sub
1130 1168 1197 1187 esse

1058 1217 1223 1247 quenquam

1058 1256 1125 1286 inde

1059 1307 1124 1337 radi
1138 1306 1227 1337 citius

1059 1355 1138 1386 tollit

1060 1406 1113 1436 icit

1055 1456 1168 1496 justius

1064 1507 1147 1537 Unus

1063 1567 1132 1596 qum

1063 1607 1152 1636 miser
1162 1611 1194 1635 et

1063 1656 1171 1686 dividit

1065 1705 1146 1734 illum

1066 1754 1148 1785 illum

1066 1805 1182 1835 videtur

1066 1855 1122 1884 Cui

1067 1904 1153 1935 unius

1066 1958 1247 1993 peremptum

1067 2001 1147 2032 deest

1067 2051 1148 2082 utive

1067 2101 1205 2131 malumst

1068 2155 1178 2180 terrere
1193 2161 1225 2180 se

1069 2201 1154 2230 melle

1069 2249 1150 2280 deest

1073 2301 1202 2341 Urgeive

1069 2352 1205 2382 obrutum

1070 2406 1159 2431 terrae

1072 2453 1116 2481 At
1134 2452 1211 2482 viam

1071 2501 1133 2530 leta

1072 2550 1195 2590 Oprima

1075 2600 1232 2641 Percipere

1073 2649 1145 2679 facti

1073 2698 1226 2728 florentibu
1231 2709 1246 2729 s

1076 2749 1234 2780 Perfidium

1074 2800 1146 2830 mise
1151 2811 1185 2829 ro

1075 2849 1182 2880 misere

1076 2900 1180 2930 aiuunt

1392 458 1505 479 Annus.

1384 583 1519 615 Veneriis.

1413 677 1426 702 1
1431 677 1494 703 500.

1335 765 1471 795 miserum

1338 815 1465 845 Differre

1338 876 1375 895 an

1337 924 1403 943 cum

1340 962 1519 1002 indignarier

1341 1016 1493 1052 putrescat

1340 1062 1417 1092 inter
1430 1061 1483 1091 fiat

1343 1122 1399 1141 non
1413 1112 1558 1142 sincerum

1342 1161 1465 1190 subesse

1343 1220 1508 1250 quenquam

1343 1260 1411 1290 inde

1340 1310 1482 1340 radicitus

1344 1360 1423 1390 tollit

1344 1410 1397 1439 icit

1345 1460 1439 1499 ipsius

1348 1511 1432 1539 Unus

1346 1571 1413 1589 cum

1347 1608 1468 1638 miseret

1348 1657 1455 1688 dividit

1348 1707 1441 1738 hilum

1349 1757 1442 1787 hilum

1350 1807 1431 1836 videt

1349 1857 1410 1892 Qui

1351 1907 1436 1936 vivus

1351 1961 1534 1997 peremptum

1350 2017 1383 2036 se

1352 2056 1435 2086 urive

1351 2107 1490 2137 malumst

1352 2163 1514 2188 torrescere

1353 2207 1429 2237 mole

1353 2257 1435 2286 deest

1356 2306 1501 2346 Urgerive

1353 2356 1494 2386 obtritum

1355 2411 1444 2435 terrae

1358 2456 1400 2484 At
1407 2455 1472 2495 jam

1356 2505 1425 2535 laeta

1357 2555 1478 2595 Optima

1359 2605 1522 2645 Praeripere

1358 2654 1429 2684 fatis

1359 2704 1530 2735 florentibus

1362 2753 1535 2783 Praesidium

1360 2803 1474 2832 Miser!
1494 2802 1521 2832 Ο

1360 2851 1449 2881 miser

1361 2900 1445 2931 aiunt

1616 404 1656 424 Ex
1673 387 1837 427 Ti'POGRA-

1594 459 1671 479 PfflA
1688 460 1871 482 socoe'rA’ns

1638 512 1832 535 mronnxffl.

1666 584 1800 626 Bipontt'.

1698 678 1778 707 1782.

1620 764 1758 793 miserum

1622 812 1750 842 Differre

1621 871 1659 890 an

1623 910 1670 939 cui

1624 960 1790 991 misererier

1625 1014 1777 1050 putrescat

1625 1060 1754 1090 interfiat

1627 1121 1684 1142 non
1696 1111 1841 1141 sincerum

1626 1161 1749 1191 subesse

1627 1221 1802 1252 quemquam

1628 1262 1696 1292 inde

1628 1311 1770 1342 radicitus

1628 1361 1708 1392 tollit

1628 1412 1699 1442 eicit

1630 1461 1740 1492 inscius

1632 1511 1731 1540 Vivus

1631 1571 1697 1590 cum

1632 1609 1753 1638 miseret

1632 1657 1764 1688 vindicat

1633 1707 1726 1738 hilum

1633 1758 1706 1788 illud

1634 2056 1717 2086 urive

1636 2105 1786 2136 ulalum'st

1636 2164 1798 2187 torrescere

1638 2206 1724 2237 melle

1637 2256 1666 2286 in

1640 2305 1785 2346 Urgerive

1637 2355 1778 2386 obtritum

1638 2410 1726 2435 terrae

1640 2456 1685 2484 At
1692 2454 1757 2494 jam

1641 2504 1710 2534 laeta

1641 2553 1762 2594 Optima

1645 2601 1811 2642 Praeripere

1641 2652 1731 2682 factis

1643 2702 1697 2732 tibi
1710 2701 1835 2732 fortibus

1646 2751 1820 2781 Praesidium

1647 2801 1742 2831 Miser
1752 2801 1760 2830 !
1776 2800 1803 2830 0

1646 2850 1734 2880 miser

1646 2899 1730 2929 aiunt
