1967 3314
412 246 413 249 ’
467 234 808 287 RICARDI
855 234 1250 286 BENTLEII.
1513 242 1609 288 427

111 371 147 412 (i.
163 380 189 402 e.
203 369 263 411 ipsi
278 369 450 401 commenti
464 369 552 410 sunt)
575 369 640 401 sive
660 369 789 401 aliunde
810 378 903 410 porro
916 369 1079 402 traxerunt
1090 369 1131 401 ab
1144 368 1214 401 aliis
1237 373 1391 410 repertam
1405 372 1438 400 et
1461 368 1501 401 ad
1520 377 1611 401 suam

112 432 212 458 artem
227 425 462 457 transtulerunt.
484 425 523 456 B.
539 423 608 455 vide
622 424 676 456 lib.
690 424 739 456 ΙΙ.
754 435 782 456 v.
797 428 870 456 412.

470 512 626 553 organicis
641 511 706 551 alto
720 511 862 544 delatum
877 511 1042 544 Helicone.

282 616 344 645 151
373 610 580 656 Laetitiaque
594 609 700 655 viget,
715 621 795 645 cum
812 615 930 645 cetera
944 618 1025 655 pars
1040 607 1169 644 animai

159 681 329 715 Laetixiave.

284 786 346 816 171
374 779 412 815 Si
428 779 544 815 minus
560 779 708 815 offendit
722 778 830 815 vitam
846 778 898 815 vis
913 778 1056 814 Horrida
1070 779 1150 814 lethi

159 853 230 884 Leti
252 864 280 895 q.
297 863 322 884 c.

282 958 350 986 222
376 950 484 997 Quod
498 962 608 997 genus
623 956 672 986 est
687 950 817 987 Bacchi
832 949 912 987 cfim
927 950 993 987 flos
1009 950 1163 994 evanuit,
1177 957 1239 987 aut
1256 949 1336 990 οὔτ’)

160 1026 261 1067 Lego,
277 1032 333 1056 aut
348 1025 475 1057 Bacchi.
489 1026 528 1057 B.

285 1141 353 1169 289
378 1134 443 1169 Est
460 1133 566 1169 etiam
583 1133 678 1169 calor
693 1133 754 1170 ine
769 1135 889 1178 animo,
906 1144 1009 1180 quem
1026 1135 1125 1171 sumit
1138 1133 1175 1170 in
1192 1135 1256 1178 ira,

378 1197 469 1233 Cum
484 1197 650 1242 ferviscit,

162 1283 262 1324 Lege,
285 1283 412 1314 animus
419 1283 603 1314 z—iram.

163 1352 336 1394 Distingue

436 1427 544 1457 animo
558 1435 654 1468 quem
668 1427 777 1466 sumit,
792 1427 826 1457 in
839 1426 887 1457 ira

341 1482 424 1513 Cum
438 1481 586 1521 serviscit,

169 1570 250 1601 Hor.
269 1569 330 1600 Sat.
347 1569 375 1599 Ι.

442 1653 514 1674 mea
528 1652 601 1675 cum
617 1643 795 1674 conferbuit
810 1643 863 1674 ira.

168 1721 206 1752 B.
222 1719 306 1750 Vide
321 1729 348 1750 v,
364 1723 435 1751 296.

293 1825 361 1853 290
385 1818 476 1853 Cum
493 1815 657 1860 ferviscst,
679 1823 716 1852 et
731 1828 775 1852 ex
794 1815 906 1852 oculis
922 1815 1029 1852 micat
1044 1817 1173 1852 aeribus
1189 1816 1302 1853 ardor.

174 1893 213 1924 Ο.
230 1903 255 1923 c.
277 1893 397 1930 acrius;
416 1891 508 1922 male.
538 1892 630 1932 VIrg.
647 1892 722 1922 AEn.
740 1891 823 1922 XII.
843 1895 915 1923 101.

530 1974 658 2009 totoque
673 1967 809 1998 ardentis
824 1968 863 1998 ab
878 1977 931 1997 ore

345 2022 496 2054 Scintiuae
511 2023 679 2061 absistunt3
702 2022 801 2053 oculis
816 2021 911 2053 micat
926 2021 1048 2052 acribus
1062 2021 1158 2062 ignis:

296 2127 363 2156 296
389 2121 630 2167 Iracundaque
646 2132 745 2156 mens
759 2119 863 2155 facile
878 2119 1063 2155 efferviscit
1077 2119 1114 2154 in
1129 2120 1204 2153 ira:

177 2195 271 2226 Iram.
317 2195 529 2225 Effervescere
543 2194 618 2225 deos
632 2194 687 2224 ira.

298 2299 365 2326 322
390 2292 549 2335 Parvola,
564 2303 642 2338 quae
659 2298 811 2337 nequeat
825 2291 916 2326 ratio
932 2290 1108 2336 depellere
1121 2291 1244 2324 doctis.-

178 2361 288 2393 Dictis.

299 2465 364 2494 373
390 2457 558 2503 Corporis
574 2464 679 2503 atque
695 2455 801 2491 animi
816 2455 1005 2503 primordia
1021 2455 1156 2503 singula
1164 2457 1286 2503 primis

178 2532 288 2563 Privis.

303 2640 369 2668 379
397 2631 577 2678 Quantula
592 2631 703 2678 prima
717 2639 849 2679 queant
865 2632 965 2668 nobis
979 2632 1110 2679 injecta
1125 2631 1217 2669 ciere

182 2707 284 2739 Priva.

303 2815 372 2843 434
396 2809 487 2843 Nam
503 2808 627 2854 procul
642 2809 713 2844 laec
728 2808 835 2846 dubio
851 2809 952 2845 nobis
968 2808 1152 2846 simulacra
1165 2815 1353 2855 genuntur:

177 2891 277 2931 Lego,
290 2892 377 2929 hinc,
394 2890 415 2921 i.
430 2901 457 2922 e.
472 2901 510 2922 ex
524 2890 654 2932 imagin.
670 2901 697 2922 v.
713 2895 785 2923 644.
