1967 3314
559 216 780 266 LIBRI
821 215 1120 273 QUINTI.

223 430 426 452 rnnasmms.
545 451 673 474 PERGEB

256 555 386 587 Brixiae.
549 559 680 590 Veronae.

233 645 308 675 Sine
320 646 350 674 A
355 656 419 676 nno.
573 651 586 676 1
591 650 656 678 486.

206 734 308 764 forent

211 784 331 815 Natura

210 833 311 863 mundi
326 838 374 863 est

494 738 599 768 florent

496 789 618 819 Natura

496 840 628 870 mundist

211 883 300 923 caepit
497 889 587 929 coepit

104 942 162 968 535
212 943 352 973 peperere
497 939 631 979 peperire

105 989 164 1017 336
212 990 332 1026 reperta
347 988 395 1015 est
497 993 647 1028 repertast

105 1041 163 1067 338
211 1046 277 1066 sum
496 1038 578 1068 deest

105 1092 164 1119 339
212 1090 282 1115 ante
295 1096 332 1116 ac
497 1092 567 1118 ante
580 1098 616 1118 ae

105 1141 164 1167 540
212 1136 326 1176 perisse
496 1139 610 1178 perisse

211 1186 361 1215 hominum
497 1187 626 1217 omnium

211 1235 292 1264 secla
497 1236 580 1266 secla

210 1295 320 1325 vapore
498 1297 607 1327 vopore

103 1342 159 1369 341
208 1334 352 1363 cecidisse
497 1336 660 1366 credidisse

209 1383 291 1413 urbis
498 1386 580 1415 urbis

103 1441 162 1467 542
209 1444 333 1474 rapaces
498 1445 622 1476 rapaces

104 1491 162 1518 343
211 1494 314 1513 amnes
497 1495 598 1515 amnes

212 1545 247 1563 ac
497 1544 533 1563 ac

213 1582 382 1623 coperuisse
499 1584 668 1624 copel-uisse

105 1640 164 1666 344«
212 1643 334 1662 neccsse
348 1636 396 1662 est
499 1640 652 1664 necessest

105 1690 162 1715 345
213 1689 358 1712 terrarum
500 1689 645 1713 terrarum

213 1731 339 1771 caeiique
500 1733 622 1773 caelique

105 1789 165 1815 :350
211 1782 393 1822 egrescimus
501 1785 683 1824 egre-scimus

213 1833 290 1862 idem
500 1835 578 1864 idem

107 1887 162 1913 351
213 1893 287 1922 quos
498 1885 576 1924 quod

212 1945 231 1963 a
245 1933 308 1963 vita
498 1935 580 1964 avita

106 1988 165 2014 352
213 1992 395 2023 quaecunque
497 1996 671 2025 quecunque

213 2042 335 2062 necesse
348 2034 398 2061 est
498 2041 652 2066 necessest

105 2087 164 2113 ,354
212 2081 370 2121 quicquam
498 2086 654 2126 quicquam

212 2136 295 2162 artas
498 2141 580 2166 artas

107 2189 164 2214 355
213 2183 308 2222 partis
498 2186 592 2226 partis

213 2232 351 2262 materiai*
499 2237 638 2266 materiai

109 2288 166 2316 357
215 2284 280 2311 Aut
499 2288 581 2316 Ante

109 2337 167 2362 358
215 2333 321 2361 innane
334 2336 382 2362 est
499 2336 620 2365 inanest

109 2387 168 2415 359
215 2382 359 2411 intactum
500 2384 652 2414 vitandum

216 2431 364 2471 frangitur
500 2433 602 2473 figitur

110 2485 169 2513 ,360
216 2481 307 2510 nullla
502 2481 583 2511 nulla

109 2536 168 2564 362
216 2541 331 2561 summa
342 2536 390 2561 est
501 2541 616 2561 summa
628 2535 676 2561 est

110 2585 169 2613 363
216 2581 277 2617 Qui
501 2582 561 2616 Qui

217 2644 283 2672 quae
501 2643 559 2672 que

110 2684 168 2712 366
218 2682 339 2712 Natura
351 2686 400 2712 est
503 2683 654 2712 Naturast

217 2744 283 2763 cum
502 2743 589 2772 quom

217 2783 380 2813 admixtum
395 2787 442 2812 est
502 2782 698 2812 admixtumst

112 2834 170 2863 368
217 2844 285 2874 quae
503 2842 560 2871 que

216 2889 337 2924 coperta
503 2886 625 2923 copel-ta

221 2944 308 2974 Vor.
326 2944 386 2974 IV.

473 399 598 419 PAULUS
613 398 751 420 mumm-

781 735 887 764 florent

784 785 904 815 Natura

782 835 915 865 mundist

783 885 874 925 coepit

783 935 918 974 peperire

782 988 932 1024 repertast

784 1033 866 1063 deest

783 1087 854 1113 ante
869 1093 904 1112 ac

783 1133 898 1174 perisse

783 1192 912 1211 ommum

782 1231 866 1261 secla

783 1291 893 1320 vopore

783 1330 944 1360 credidisse

783 1380 864 1410 urbis

783 1440 906 1469 rapaces

783 1489 886 1508 amnes

783 1541 817 1559 ac

784 1581 954 1620 coperuissc

786 1636 939 1662 necessest

786 1686 932 1711 terrarum

785 1731 908 1770 caelique

785 1783 965 1824 egrescimus

785 1833 862 1862 idem

785 1883 864 1922 quod

785 1933 867 1962 avita

784 1993 965 2023 quaecunque

785 2038 938 2062 necessest

784 2081 940 2121 quicquam

785 2136 866 2161 artas

784 2181 879 2222 partis

785 2232 923 2262 materiai*

785 2285 866 2312 Ante

786 2333 904 2362 inanest

786 2382 937 2411 vitandum

785 2431 888 2471 figitur

785 2480 867 2509 nulla

785 2540 899 2560 summa
908 2533 956 2560 est

787 2580 846 2614 Qui

786 2640 855 2669 quae

789 2681 940 2710 Naturast

787 2741 874 2770 quom

788 2780 983 2809 admixtumst

788 2841 853 2870 quae

787 2884 909 2920 coperta

795 2941 856 2971 Ss

775 399 969 421 Tmononus
984 399 1026 419 DE

781 454 1018 475 RAGAZONIBUS.

1067 736 1173 767 florent

1067 791 1204 817 naturast

1068 836 1168 866 mundi

1068 886 1158 926 coepit

1069 945 1208 976 peperere

1068 989 1217 1025 repertast

1069 1046 1134 1065 sum

1067 1086 1196 1115 antehac

1068 1135 1192 1175 periisse

1069 1184 1218 1214 hominum

1069 1234 1151 1264 secla

1071 1295 1180 1324 vapore

1070 1334 1215 1363 cecidisse

1071 1393 1086 1411 u
1091 1383 1168 1413 rbeis

1069 1433 1203 1472 rapaceis

1070 1483 1183 1512 amneis

1071 1543 1105 1561 ac

1070 1584 1259 1622 cooperuisse

1071 1638 1224 1662 necessest

1071 1687 1216 1712 terrarum

1071 1732 1196 1771 coelique

1072 1831 1159 1861 iidem

1071 1892 1144 1920 quos

1070 1943 1088 1961 a
1104 1932 1166 1961 vita

1071 1993 1256 2022 quaecunque

1071 2036 1225 2062 necessest

1070 2081 1227 2121 quicquam

1069 2136 1169 2161 arctas

1069 2186 1136 2222 part
1141 2182 1185 2212 eis

1069 2231 1202 2260 materiei

1070 2283 1135 2310 Aut

1069 2330 1189 2359 inanest

1069 2379 1214 2408 intactum

1069 2428 1171 2467 figitur

1071 2477 1152 2507 nulla

1070 2530 1217 2556 summast
1248 2536 1249 2541 ¹

1071 2576 1147 2611 Quis

1071 2638 1137 2667 quae

1072 2679 1208 2707 naturast

1072 2725 1210 2765 quoniam

1072 2776 1261 2806 admistumst

1073 2836 1139 2865 qnae

1072 1783 1262 1822 aegrescimus

1516 228 1613 267 321

1362 375 1403 394 Ex
1417 376 1582 398 TYPOGRA-

1333 428 1412 448 PHIA
1427 429 1608 452 SOCOETATIS

1374 482 1569 505 BH’ONTINAE.

1402 552 1541 594 Biponti.

1432 649 1445 675 1
1451 650 1518 679 782.

1351 736 1457 765 florent

1353 785 1514 816 Natura'st

1351 834 1452 864 mundi

1353 885 1432 925 cepit

1352 946 1492 976 peperere

1352 985 1512 1025 reperta'st

1353 1045 1418 1064 sum

1352 1085 1481 1114 antehac

1353 1133 1477 1173 periisse

1354 1184 1503 1213 hominum

1354 1233 1443 1263 saecla

1354 1293 1463 1322 vapore

1354 1331 1498 1360 cecidisse

1355 1379 1454 1410 urbeis

1355 1430 1489 1469 rapaceis

1356 1479 1468 1509 amneis

1355 1534 1445 1568 atque

1355 1579 1543 1619 cooperuisse

1356 1628 1519 1658 necesse'st

1356 1679 1449 1708 terra'l'

1355 1727 1480 1767 coelique

1356 1776 1545 1817 mgrescimus

1357 1827 1452 1856 isdem

1356 1887 1431 1916 quos

1355 1938 1374 1956 a
1387 1926 1451 1956 vita

1355 1985 1537 2015 quaecunque

1356 2025 1521 2055 necesse'st

1356 2076 1516 2116 quidquam

1355 2132 1455 2156 arctas

1356 2176 1467 2216 parteis
1477 2202 1481 2212 ,

1356 2225 1492 2254 material

1356 2276 1420 2304 Aut

1354 2325 1362 2354 i
1368 2323 1484 2353 uane'st

1355 2375 1500 2403 intactum

1353 2423 1488 2463 fungitur

1354 2484 1372 2502 u
1377 2472 1435 2501 ulla

1354 2634 1423 2664 quae

1356 2674 1387 2703 N
1390 2671 1517 2703 atura'st

1355 2722 1491 2762 quoniam

1354 2769 1557 2802 admistum'st

1354 2833 1421 2862 quae

1354 2876 1457 2903 coorta
