1967 3314
297 255 395 297 460
662 246 1438 297 ANIMADVERSIONES

343 379 386 410 In
399 376 538 410 secundo
552 386 642 408 versu
658 377 742 418 lego,
758 387 823 408 non
839 388 901 408 rem
918 388 1031 416 veram,
1045 377 1112 417 sed,
1128 385 1288 410 naturam.-

745 476 848 508 neque
862 466 963 498 ullam

519 527 676 558 Naturam
689 526 724 558 in
739 536 872 559 numero
886 537 994 559 rerum
1008 533 1150 560 constare
1163 528 1220 559 διο.

1512 594 1621 625 Faber.

353 709 472 749 Immo,
487 708 568 750 lege,
588 709 635 740 Re
649 718 729 739 vers.

1513 768 1684 800 Bentleius.

355 881 433 918 Lib.
450 882 497 917 II.

498 961 543 989 48
567 954 634 989 His
650 953 715 989 tibi
729 959 805 989 tum
820 955 924 989 rebus
941 953 1130 989 timefactae
1147 953 1346 1000 relligiones

571 1016 753 1063 Effiigiunt
771 1016 889 1052 animo
905 1017 1054 1064 pavidae,
1071 1017 1263 1064 mortisque
1279 1016 1443 1053 timores?

357 1096 433 1127 Non
447 1106 576 1137 possum
598 1097 637 1127 ab
659 1095 767 1127 animo
790 1106 863 1127 meo
885 1096 1064 1137 impetrare,
1093 1097 1195 1127 isthuc
1217 1103 1253 1128 ut
1274 1097 1436 1137 adprobet,
1459 1099 1630 1138 relligiones
1651 1097 1816 1140 timefacta·

307 1153 432 1191 pavidae
440 1167 450 1189 ;
467 1162 542 1183 cum
557 1165 591 1183 ‘ro
599 1153 748 1193 pavidus,
765 1157 796 1182 et
812 1165 845 1183 το
859 1152 1034 1194 timefactus
1050 1151 1136 1182 idem
1151 1153 1224 1189 sint,
1239 1162 1327 1184 nunc
1343 1152 1471 1195 quidem
1486 1154 1691 1195 quamobrem
1705 1154 1816 1186 lubens

313 1205 458 1247 legerim,

531 1295 596 1326 His
611 1295 666 1326 tibi
682 1301 752 1326 tum
767 1296 860 1326 rebus
874 1295 1043 1335 pavefactae
1058 1295 1238 1336 relligiones

528 1354 701 1396 Effugiunt
715 1355 836 1394 animo,
846 1357 957 1396 pavidi
971 1355 1143 1396 mortisque
1161 1355 1308 1388 timores?

1523 1415 1630 1446 Faber.

365 1528 470 1558 Immo
481 1526 681 1558 distinctione
695 1526 784 1557 locus
798 1525 953 1556 levandus
967 1533 1024 1555 est:

533 1617 706 1658 Effugiunt
721 1615 827 1646 animo
843 1614 980 1654 pavidae;
1003 1614 1175 1658 mortisque
1190 1614 1328 1646 timores.

534 1677 621 1708 Tum
635 1686 772 1708 vacuum
787 1682 896 1716 pectus
910 1675 1069 1717 linquunt.

1527 1735 1701 1768 Bentleius.
1730 1736 1735 1741 '

509 1854 550 1882 78
576 1846 623 1881 Et
640 1844 739 1892 quasi
759 1857 918 1880 cursores
935 1844 1020 1880 vitai
1038 1840 1200 1891 lampada
1216 1845 1360 1881 tradunt

366 1929 467 1959 Debet
482 1927 534 1958 hic
549 1938 655 1958 versus
674 1926 736 1957 alio
751 1927 889 1968 migrare
896 1939 906 1965 ;
927 1937 1030 1968 neque
1048 1927 1137 1958 euim
1152 1927 1258 1959 sedem
1281 1938 1371 1959 suam
1395 1934 1540 1968 occupat:
1566 1929 1609 1960 sic
1634 1929 1730 1970 igitur
1754 1938 1829 1960 cum

323 1993 396 2014 cum
413 1983 624 2023 superioribus
639 1988 817 2020 connectes,
833 1981 859 2012 si
874 1991 927 2012 me
942 1981 1108 2013 audiveris:

538 2073 607 2102 Nec
624 2077 799 2102 remoratur
810 2071 853 2101 ibi
868 2083 874 2100 :
895 2071 938 2101 sic
953 2081 1060 2102 rerum
1076 2082 1202 2103 summa
1217 2078 1349 2104 novatur

540 2131 683 2170 Semper,
701 2136 733 2160 et
747 2130 829 2159 inter
844 2139 877 2159 se
892 2130 1040 2160 mortales
1055 2138 1167 2161 mutua
1182 2131 1305 2162 vivunt:

539 2190 595 2229 Et,
611 2190 700 2231 quasi
716 2199 870 2230 cursores,
882 2188 959 2219 vitai
974 2188 1120 2228 lampada
1135 2189 1271 2220 tradunt.

370 2277 435 2314 Qui
451 2288 515 2310 non
529 2277 735 2319 indiligenter
749 2277 871 2319 legerit,
887 2278 914 2308 is
929 2277 974 2308 ita
989 2276 1058 2308 fieri
1073 2276 1188 2307 debere
1204 2276 1280 2308 satis
1298 2277 1363 2317 ipse
1378 2288 1432 2318 per
1447 2289 1480 2310 se
1493 2289 1526 2310 se
1540 2280 1730 2313 indicaverit.

1536 2351 1646 2382 Faber.

368 2446 442 2478 Nou
457 2452 503 2478 est
517 2456 603 2487 opus.

1534 2514 1708 2547 Bentleius.

496 2617 560 2647 156
585 2611 647 2654 At,
664 2622 742 2657 quae
762 2618 843 2646 sunt
862 2610 974 2646 solida
990 2610 1181 2657 primordia
1202 2610 1436 2657 simplicitate,

587 2674 678 2710 Cum
696 2686 759 2720 per
774 2675 885 2709 Inane
902 2678 1020 2708 meant
1038 2685 1200 2716 vacuum,
1219 2685 1285 2708 nec
1304 2685 1360 2709 res
1376 2681 1572 2710 remoratur

587 2737 672 2772 Ulla
687 2736 788 2780 foris,
804 2742 904 2783 atque
920 2737 995 2783 ipsa
1012 2737 1083 2772 suis
1103 2736 1122 2772 ὲ
1138 2736 1294 2783 partibus
1310 2749 1431 2780 unum,

589 2801 722 2843 Unum,
738 2799 775 2834 in
793 2812 896 2846 quem
915 2812 1051 2846 coepere
1069 2799 1187 2835 locum
1204 2799 1358 2834 connixa
1362 2801 1545 2846 feruntur;

588 2863 731 2900 Debent
747 2863 910 2900 nimirum
927 2863 1129 2910 praecellere
1147 2862 1360 2906 mobilitate,
1374 2864 1439 2899 διε.

1015 2924 1033 2937 ἦ·
