1967 3314
471 276 812 328 RICARDI
859 274 1242 325 BENTLEII.
1501 278 1594 325 417

266 419 332 448 969
364 412 506 448 Ultimus
522 418 706 456 extremas,
727 410 906 459 jaciatque
925 409 1069 447 volatile
1084 408 1206 453 telum,

151 486 206 518 Fo.
229 485 381 517 Nuntius.

268 600 333 629 978
360 593 440 629 Sive
455 594 548 630 foras
564 594 686 639 fertur,
702 606 774 630 non
791 600 845 631 est
861 607 902 630 ea
907 594 993 640 finis
1003 593 1170 639 profecto.

149 675 180 706 A
195 673 258 705 fine
271 674 462 714 profectum:
488 685 516 706 o.
532 675 629 706 MSS.
643 675 769 715 optime.

267 790 331 819 998
356 783 431 819 Αὸι·
447 783 590 830 dissepit
605 784 725 827 colle-is,
740 789 847 830 atque
863 782 944 818 ab'ra
959 786 1099 817 montes.-

148 856 203 888 Fo.
225 856 484 896 nubis‚—nubos.

246 972 334 1001 1002
359 965 467 1011 Quod
482 976 596 1012 neque
612 964 706 1000 clara
722 976 787 1001 suo
802 974 1004 1012 percurrere
1016 964 1165 1011 flumina
1182 973 1286 1000 cursu

149 1038 188 1076 Q.
204 1049 228 1069 c.
251 1038 399 1078 fulmina,
415 1045 506 1071 recte.
527 1038 582 1070 lib.
602 1038 663 1070 VI.
678 1049 708 1070 v,
726 1042 775 1070 85.

247 1154 335 1183 1012
361 1147 524 1194 Simplice
539 1154 665 1185 natura
680 1154 716 1184 et
731 1154 851 1194 pateat
866 1152 993 1183 tantum
1008 1146 1289 1182 immoderatum:

146 1221 224 1262 Leg.
245 1231 389 1253 vacuum.

247 1336 331 1365 1021
360 1329 494 1366 Ordine
507 1342 544 1364 se
559 1341 708 1376 quoeque,
723 1335 830 1377 atque
847 1329 961 1376 sagaci
977 1335 1095 1365 mente
1109 1328 1289 1365 locarunt:

151 1404 192 1435 Se
206 1414 264 1435 suo
278 1413 422 1445 quaeque,
442 1403 538 1434 MSS.
553 1403 661 1442 probe'e.

247 1519 335 1549 1027
361 1511 532 1559 Qualibus
546 1511 624 1547 haee
641 1512 739 1547 rebus
755 1510 916 1548 consistit
932 1522 1066 1547 summa
1078 1516 1215 1547 creata:

149 1587 279 1618 Rerum.

250 1690 338 1719 1030
360 1683 488 1727 Efficit,
512 1690 553 1719 ut
568 1683 671 1729 largis
687 1683 827 1719 avidum
842 1694 938 1718 mare
950 1684 1106 1729 fluminis
1121 1681 1225 1718 undis

148 1758 172 1791 J
173 1769 192 1789 u
195 1757 286 1800 giter.

251 1861 339 1889 1040
362 1854 530 1890 Materies
548 1860 639 1891 recta
654 1854 794 1900 regione
811 1866 931 1891 aversa
945 1854 1015 1890 via'i

150 1924 190 1956 Ο.
205 1923 226 1954 1.
241 1923 357 1964 aliqua:
384 1923 511 1964 lego,—

322 2001 442 2042 Aliqua
455 2001 587 2041 ratione,
603 2011 708 2032 aversa
721 2001 792 2032 viai.

147 2079 191 2109 Et
205 2087 279 2108 sane
293 2077 337 2108 ita
350 2079 445 2109 habet
459 2077 544 2109 Edit.
562 2079 679 2110 Veron.

250 2181 337 2210 1043
362 2175 502 2211 Cudere
520 2175 612 2210 enim
628 2174 750 2212 crebro
767 2181 927 2222 possunt,
937 2179 1136 2222 partemque
1151 2175 1289 2219 morari,

150 2248 341 2290 Partimque.

251 2363 339 2391 1060
363 2357 411 2392 Et
428 2357 532 2393 simili
547 2358 684 2394 ratione
703 2357 865 2394 animalia
879 2358 987 2393 subtu’
1003 2358 1119 2404 vagari

151 2429 285 2468 Suapte3
299 2440 337 2461 ex
352 2441 380 2471 q.
397 2431 494 2462 MSS.

250 2545 338 2573 1066
363 2538 544 2582 Dividere,
560 2545 595 2574 et
611 2539 746 2574 nocteis
763 2538 902 2585 parileis
917 2539 1058 2585 agitare,
1073 2539 1216 2585 diesque.

146 2618 245 2649 MSS.
266 2618 377 2650 diebus
384 2631 394 2658 ;
426 2619 552 2660 optime'.
597 2620 806 2651 Verissimum
833 2626 891 2659 est,
924 2619 1100 2661 Antipodas
1121 2625 1242 2651 nostros
1265 2625 1372 2652 noctes
1396 2629 1488 2662 agere
1508 2629 1596 2660 pares

106 2672 217 2704 diebus
231 2673 353 2704 nostris.
398 2674 438 2705 B.

248 2789 336 2818 1075
361 2783 486 2829 AEquz's
501 2783 725 2829 ponderibus,
740 2790 859 2820 motus
876 2795 1083 2832 quacunque
1098 2783 1267 2828 feruntur,

147 2854 262 2896 AEquo.
309 2857 360 2888 Ita
374 2857 520 2890 meliores
537 2858 626 2891 codd.

149 2942 229 2977 Vox..
247 2945 306 2978 IV.
837 2951 858 2980 5
874 2949 906 2981 G
