1967 3314
307 295 402 341 372
622 289 1078 341 VARIANTES
1117 292 1547 345 LECTIONES

973 435 977 449 Ι

696 462 819 483 ΡΛυιυε
835 452 977 483 numm-3
992 473 1183 494 Tflgononus
1199 474 1239 494 „E

759 517 895 538 macta.

1576 459 1612 477 tx
1631 458 1797 478 TYPOGRA-

447 503 649 524 rnnanmns.
1338 509 1450 531 Annus.

1552 511 1625 530 ΥΗΙΑ
1642 510 1806 531 ΒΟΟΙΕΤΑΤΙ

1590 564 1783 584 ΒΙῩΟΝΤΙΝΕ.

1001 526 1235 549 :AGAzomnus

488 629 619 659 Brixia.

456 720 529 750 Sine
541 721 640 751 Anno.

433 810 562 850 caeloque
717 804 850 843 0ae¹⁰q¹¹e
1569 814 1700 852 coeloque

433 859 496 889 caeli
718 853 785 883 ΟΞΠ
1571 861 1636 890 coeli

435 909 529 938 coiere
719 903 796 932 coire
1570 910 1668 940 coiere

437 968 494 996 quo
719 961 777 990 ‘1¹¹⁰
1571 969 1638 999 quae

719 1006 845 1042 possunt
1571 1009 1686 1049 possint

719 1052 891 1092 indupedita
1572 1058 1746 1098 indupedita

722 1102 769 1131 Ex
782 1102 861 1142 ignis
1574 1107 1703 1148 Exiguis

438 1163 607 1193 compressa
721 1162 889 1192 compressa
1003 1165 1174 1196 compressa
1289 1166 1459 1196 compressa
1573 1168 1746 1198 comprensa

441 1204 516 1233 Haec
719 1201 791 1238 ⁴Hac
1007 1205 1075 1234 Hec
1293 1201 1369 1234 Hiec
1575 1209 1653 1238 Haee

438 1252 563 1292 primum
722 1260 853 1290 premum
1006 1264 1137 1294 premum
1289 1254 1415 1294 primum
1574 1257 1698 1297 primum

438 1303 531 1332 nubes
723 1300 815 1329 nubes
857 1326 863 1332 .
1006 1304 1098 1333 nubes
1291 1304 1394 1333 nubeis
1573 1307 1678 1336 nubeis

440 1362 567 1391 cumque
726 1360 839 1388 conque
1007 1363 1119 1393 conque
1290 1364 1403 1394 conque
1575 1366 1687 1396 conque

440 1402 624 1442 conjugendo
724 1398 928 1438 conjungendo
1007 1402 1211 1443 conjungendo
1291 1402 1495 1443 conjungendo
1575 1405 1778 1445 conjungendo

439 1451 563 1480 cohorta
575 1456 622 1480 est
725 1453 826 1478 coorta
839 1453 887 1478 est
1008 1458 1111 1481 coorta
1128 1456 1176 1480 est
1291 1458 1422 1483 coortast
1576 1455 1718 1485 coorta’st

441 1501 513 1530 caelo
616 1493 620 1496 ⁴
725 1498 800 1527 caelo
1009 1502 1080 1531 caelo
1291 1502 1365 1531 coelo
1576 1505 1649 1534 coelo

441 1560 558 1589 quoque
725 1558 841 1587 quoque
1009 1561 1125 1590 quoque
1292 1563 1415 1591 quaeque
1576 1563 1699 1592 quaeque

444 1600 580 1630 Assiduae
727 1597 868 1626 Assiduae
1010 1599 1150 1629 Assiduae
1294 1601 1424 1630 Assidue
1578 1602 1707 1631 Assidue

442 1649 534 1678 nubes
727 1647 819 1676 nubes
1010 1649 1102 1678 nubes
1293 1650 1379 1679 nubis
1579 1651 1663 1679 nubis

443 1703 505 1727 tum
727 1701 790 1726 tum
1010 1703 1071 1726 tum
1295 1704 1356 1728 tum
1578 1710 1644 1728 cum

444 1748 543 1778 tenuia
727 1751 818 1775 tenua
1010 1752 1101 1777 tenna
1295 1749 1395 1778 tenuia
1577 1749 1678 1779 tenuia

444 1797 488 1826 uti
501 1797 588 1827 turba
726 1795 821 1825 utitur
1012 1798 1105 1827 utitur
1296 1799 1340 1828 uti
1355 1799 1442 1828 turba
1580 1799 1623 1828 uti
1639 1797 1726 1828 turba

446 1846 555 1876 minore
728 1855 856 1875 sammor
1011 1858 1138 1877 sammor
1294 1851 1403 1890 majore
1580 1848 1689 1887 majore

445 1896 567 1925 cohorta
729 1899 831 1925 coorta
1012 1903 1114 1928 coorta
1293 1906 1395 1930 coorta
1580 1901 1682 1926 coorta

447 1945 488 1974 Et
499 1945 646 1976 condensa
657 1952 697 1976 at·
733 1944 773 1973 Et
804 1944 978 1973 condensat·
1015 1948 1057 1977 Et
1091 1949 1265 1978 condensat.
1295 1950 1337 1979 Et
1347 1949 1495 1979 condensa
1505 1954 1548 1978 at.
1577 1945 1733 1974 condensa
1742 1955 1777 1974 ac
1785 1944 1836 1974 sti-

458 2005 514 2033 que
523 2000 589 2025 arta
598 2006 699 2036 parere
743 2003 800 2031 que
807 1998 872 2030 arta
882 2003 967 2033 parer
974 2006 980 2011 ·
1026 2007 1083 2036 que
1091 2002 1157 2027 arta
1164 2008 1266 2037 parere
1294 2009 1350 2038 que
1360 2003 1442 2028 arcta
1451 2004 1546 2038 pater<
1592 1998 1663 2034 pata
1674 1993 1762 2024 simul
1775 2003 1837 2023 cer-

455 2048 486 2072 et
500 2044 586 2073 simul
601 2045 666 2084 ipso
743 2049 773 2073 et
788 2044 874 2074 simul
889 2044 954 2083 ipso
1026 2052 1057 2076 et
1070 2046 1156 2076 simul
1171 2048 1236 2087 ipso
1309 2053 1341 2077 et
1360 2048 1447 2077 simul
1461 2049 1527 2088 ipso
1594 2049 1701 2074 uantur
1712 2049 1744 2074 et
1761 2043 1819 2073 udo

447 2092 582 2122 videatur
731 2093 866 2122 videatur
936 2094 940 2098 “
1015 2096 1158 2126 videatur.
1300 2094 1433 2127 videatur
1584 2093 1738 2122 videantur

447 2142 571 2170 aethram
732 2141 857 2170 aechram
1015 2146 1141 2174 aechram
1297 2147 1422 2176 aethram
1582 2143 1708 2171 aethram

447 2200 480 2219 se
733 2201 765 2220 se
1015 2203 1047 2221 se
1298 2205 1330 2223 se
1583 2191 1648 2220 loca

446 2249 565 2269 sensum
731 2251 849 2270 sensum
1015 2251 1134 2270 sensum
1298 2255 1403 2275 sensus
1583 2250 1687 2270 sensns

448 2289 556 2319 montis
732 2289 839 2318 montis
1015 2290 1124 2320 montis
1299 2294 1426 2324 monteis
1585 2289 1710 2318 monteis

448 2348 513 2367 cum
732 2349 800 2377 qum
1016 2351 1084 2379 qum
1299 2353 1365 2372 cnm
1585 2349 1650 2367 Cum

450 2387 591 2418 Preterea
735 2387 887 2418 Praeteoea
1020 2390 1169 2420 Praeterea
1303 2392 1451 2421 Praeterea
1588 2387 1739 2417 Praeterea

449 2447 501 2476 per
514 2437 607 2467 multa
732 2448 785 2477 per
799 2437 893 2469 multa
1017 2450 1069 2479 per
1082 2440 1176 2470 multa
1302 2439 1449 2480 permulta
1585 2437 1731 2477 permulta

448 2486 547 2516 littore
734 2488 834 2518 littore
1018 2488 1119 2518 littore
1301 2489 1402 2519 littore
1586 2487 1672 2517 litore

450 2536 598 2576 Suspense
735 2538 882 2577 Suspense
1020 2538 1170 2577 Suspense
1304 2539 1462 2578 Suspensae
1588 2537 1744 2576 Suspensae

449 2596 514 2615 cum
733 2598 803 2627 qum
1018 2598 1086 2626 qum
1302 2597 1368 2617 eum
1587 2596 1653 2615 cum

448 2636 590 2666 adhesum
734 2637 771 2666 ad
788 2637 892 2666 hesum
1017 2638 1055 2666 ad
1067 2637 1172 2666 hesum
1302 2637 1455 2667 adhaesum
1589 2634 1739 2664 adhaesum

449 2686 535 2720 Quod
734 2685 822 2720 Quod
1016 2686 1103 2720 Quod
1302 2687 1370 2721 Quo
1587 2684 1654 2717 Quo

450 2735 541 2766 nubes
734 2735 826 2764 nubes
1016 2734 1110 2763 nubes
1126 2742 1137 2756 -·
1303 2736 1408 2766 nubeis
1442 2733 1447 2737 ”
1587 2734 1690 2763 nubeis

449 2784 602 2823 augendus
735 2785 886 2824 augendas
1016 2784 1153 2824 augenda
1304 2785 1458 2826 augendas
1586 2782 1737 2823 augendas

449 2832 479 2862 in
492 2833 608 2862 homine
733 2834 763 2863 in
778 2834 894 2863 homine
1017 2835 1045 2863 in
1061 2834 1179 2864 homine
1304 2834 1430 2863 momine
1587 2832 1711 2861 momine

449 2882 486 2911 ab
734 2883 771 2913 ab
1017 2884 1054 2912 ab
1302 2884 1340 2913 ab
1587 2883 1673 2912 abest

449 2930 614 2963 camoribus
734 2933 904 2963 humoribus
1587 2931 1756 2962 humoribus

1017 2933 1186 2964 humoribus
1302 2932 1473 2981 humoribup
