1967 3314
492 277 705 327 LIBRI
750 273 1106 325 SECUNDI.
1494 286 1589 328 229

1334 436 1375 455 Ex
1385 436 1487 458 TYPOG
1491 440 1550 460 RA-

457 460 579 480 PAULus
593 460 729 480 PRIDEN-
750 460 941 480 TqunoRUS
957 459 998 479 DE

210 491 411 514 FERRANDUS.
1308 491 1346 510 PH
1352 490 1387 509 IA
1402 490 1581 514 socuzTA'rxs

524 515 660 535 PERGER.
758 513 991 534 RAGAzoxnzus.

1349 544 1541 565 BIPONTINAE.

243 614 374 648 Brixioe.
811 615 950 645 Venetiiffi

220 704 294 734 Sine
305 705 404 735 Anno.

760 794 928 834 plangentis
1326 793 1503 834 plangentes

1327 844 1430 884 genuit

1328 905 1394 933 quae

1328 954 1404 973 nunc

1327 993 1485 1033 vinetaque

1046 796 1222 836 plangentes

1043 847 1148 887 genuit

1045 907 1109 936 quae

1046 957 1122 975 nunc

1045 997 1203 1037 vinetaque

1045 1046 1157 1077 dulceis

1045 1097 1120 1131 Quae

1045 1152 1134 1177 aucta

1046 1198 1134 1227 vireis

196 799 365 839 plangentis

197 849 290 889 gemit

198 910 263 938 quae

199 949 241 978 nil

201 1000 356 1039 vinetaque

199 1050 300 1079 dulces

200 1101 275 1134 Quae

200 1155 289 1180 aucta

200 1200 310 1229 viribus

478 799 646 839 plangentis

478 849 582 888 genuit

760 845 864 885 genuit

478 909 535 937 que
762 906 819 935 que

762 955 839 974 nunc

763 994 919 1034 vinctaque

761 1043 862 1074 dulces

761 1094 830 1128 Que

762 1150 869 1174 cuncta

763 1193 874 1223 viribus

762 1242 866 1272 fet-rint

480 959 557 978 nunc

77 1002 152 1030 1156

78 1054 152 1080 1158

79 1105 154 1133 1159

482 1010 496 1028 v
501 999 638 1038 iactaque

481 1048 581 1077 dulces

481 1100 547 1133 Que

482 1154 571 1178 aucta

481 1198 591 1227 viribus

78 1204 91 1229 1
98 1201 154 1229 160
1327 1192 1416 1222 vireis

76 1250 149 1278 1161

199 1250 271 1278 feris
480 1247 551 1276 feris
1047 1248 1122 1277 seris
1328 1242 1437 1271 sermm

762 1295 842 1324 arius
1327 1293 1406 1321 arvis

762 1344 881 1383 pariunt

761 1393 861 1422 labore

760 1442 883 1483 grandis

760 1495 789 1523 in
803 1504 919 1524 cassum

759 1551 891 1586 tempore

761 1598 919 1636 praesentia

763 1647 926 1677 Praeteritis

1048 1299 1127 1328 arvis

1045 1348 1165 1387 pariunt

1046 1397 1147 1426 labore

1044 1447 1165 1488 grandis

1043 1498 1190 1528 incassum

1043 1552 1176 1587 tempora

1044 1597 1204 1637 praesentia

1047 1646 1212 1676 Praeteritis

1046 1696 1158 1726 Tristis
1168 1697 1239 1727 item
1249 1707 1299 1725 ve-

1063 1748 1133 1777 tulae
1143 1747 1212 1777 vitis
1218 1752 1300 1776 sator

1063 1808 1149 1837 aequa
1160 1797 1270 1837 fatigat

480 1297 560 1326 arius

480 1352 606 1388 pareunt

480 1398 579 1427 labore

478 1448 606 1488 grandes

479 1497 509 1526 in
522 1508 639 1527 cassum

199 1299 278 1328 arvis

77 1352 90 1377 1
96 1349 153 1378 162
1326 1346 1451 1382 pereunt

1327 1392 1442 1422 labores

1327 1442 1449 1483 grandis

1326 1492 1474 1522 incassmn

1327 1547 1459 1583 tempora

1326 1594 1488 1633 praesentia

1328 1643 1492 1674 Praeteritis

198 1353 323 1388 parcunt

173 1421 178 1443 i
199 1398 298 1427 labore

77 1449 152 1477 1163
197 1446 318 1487 grandis

77 1499 152 1526 1164
198 1497 347 1527 incassum

78 1549 152 1576 1165
198 1553 330 1588 tempore
478 1554 610 1589 tempore

201 1599 351 1638 presentia
478 1598 638 1638 praesentia

79 1648 154 1676 1166
200 1648 370 1678 Praeteritis
482 1649 622 1679 Preteitis

201 1698 312 1728 Tristis
321 1698 392 1727 item
402 1708 453 1726 ve
481 1699 593 1729 Tristis
607 1700 678 1729 item
690 1700 739 1735 vi-,
762 1697 873 1726 Tristis
892 1697 963 1727 item
982 1708 1014 1727 u-

227 1748 301 1779 tulae
310 1748 454 1777 vitisator
512 1749 573 1779 tilae
586 1749 639 1779 viti
653 1738 740 1779 sator*
794 1747 854 1776 tilae
867 1747 922 1776 viti
935 1752 1016 1776 sator

174 1771 180 1838 l
228 1804 318 1838 atque
333 1798 442 1838 fatigat
512 1803 601 1839 atque
614 1799 723 1839 fatigat
792 1802 882 1836 atque
894 1796 1004 1837 fatigat

79 1849 154 1881 1167
200 1849 354 1888 antiquum
480 1855 623 1889 antquum
762 1848 915 1887 antiquum
1045 1848 1199 1887 antiquum
1326 1846 1479 1885 antiquum

79 1900 154 1928 1168
177 1936 179 1939 v
201 1898 354 1928 tolleraret
482 1901 627 1932 coleraret
761 1898 902 1928 toleraret
1044 1898 1185 1928 toleraret
1325 1895 1460 1926 tolerarit

79 1950 154 1981 1169
202 1950 276 1978 Cum
484 1951 561 1985 Qum
763 1948 842 1982 Qum
1046 1949 1119 1978 Cum
1326 1946 1400 1975 Cum

202 1999 295 2028 multo
308 1997 411 2027 modus
484 2000 568 2029 molti
580 1999 681 2029 modos
764 1997 849 2026 multi
862 1997 964 2027 modus

1325 1996 1418 2026 multo
1431 1995 1534 2025 modus

79 2053 155 2083 1170
205 2050 273 2079 Nec
487 2050 554 2079 Nec
738 2049 743 2093 {
765 2049 833 2078 Nec

1326 2045 1395 2075 Nec

1046 1998 1234 2028 multimodus

1048 2049 1091 2078 Et
