1967 3314
127 609 168 639 V.

120 748 176 777 787

120 897 178 926 790

120 948 174 976 791

119 997 176 1026 792

120 1047 177 1075 793

120 1097 176 1125 794

119 1146 175 1175 795

118 1196 175 1225 797

118 1246 175 1275 799

117 1344 175 1371 800

117 1394 172 1419 801

118 1443 174 1469 802

118 1492 174 1519 803

118 1642 175 1668 805

117 1690 174 1718 806

117 1844 173 1873 807

116 1943 173 1970 809

113 2090 172 2117 810

114 2290 171 2316 813

113 2339 171 2365 814

114 2389 170 2415 815

112 2486 169 2514 816

111 2538 168 2568 817

112 2689 169 2715 818

111 2787 170 2815 820

109 2848 165 2876 821

239 435 441 458 FERRANDUS.

272 560 400 591 Brixiae.

244 650 319 681 Sine
332 651 362 680 A
366 661 430 680 nno.

224 751 259 769 ac

224 791 398 832 dispositum
411 797 458 822 est

226 842 382 882 quicquam

224 902 242 921 a

223 941 311 975 Quod

223 990 354 1021 calcibus

223 1040 328 1079 quavis

223 1101 342 1121 manere

223 1139 305 1170 deest

225 1191 345 1222 Sorsum

222 1241 336 1280 perisse

222 1299 343 1320 necesse
355 1296 403 1321 est

221 1338 388 1369 Confiteare

222 1394 253 1418 et
265 1389 343 1419 enim

222 1439 396 1470 Consentire

223 1489 369 1529 Desipere
382 1494 430 1519 est

222 1539 367 1569 diversius

224 1589 384 1628 putandum
397 1594 444 1620 est

222 1638 333 1677 peremi

223 1687 322 1718 salvas

222 1738 349 1767 tolerare

222 1786 358 1827 procellis

222 1847 402 1876 quascunque

222 1897 344 1917 necesse
356 1891 404 1917 est

221 1937 377 1977 quicquam

221 1986 303 2016 deest

220 2042 303 2066 artus

221 2086 390 2118 Dissotiare

217 2642 331 2662 summa
342 2637 391 2663 est

216 2682 375 2722 diffugiant

217 2743 283 2772 quae

216 2791 322 2812 verm
335 2781 416 2812 deest

217 2842 321 2863 versus
335 2832 416 2862 deest

479 548 485 620 Ι

591 223 809 272 LIBRI
851 221 1142 271 TERTII.

487 404 610 424 PAULus
626 404 762 425 Faunis·
785 405 977 425 THEODORUS
990 405 1032 424 DE

559 457 697 479 PERGER.
765 418 770 537 Ι
790 459 1026 480 RAGAzoxlnL'S.

561 561 653 591 Veron
657 572 691 592 ce.

582 656 664 683 1486.

506 741 587 772 deest

506 792 713 832 dispositumst

507 843 663 882 quicquam

506 891 587 921 deest

505 941 594 975 Quod

506 989 626 1020 talabus

509 1041 612 1080 quavis

506 1099 624 1119 manere

506 1139 587 1168 deest

508 1187 628 1217 Sorsum

507 1236 619 1276 perisse

506 1289 642 1316 necssest

507 1335 676 1365 conf-cente

506 1390 538 1415 et
549 1386 628 1416 enim

506 1435 650 1465 Constare

506 1484 676 1525 Disiperest

505 1535 650 1565 diversius

506 1585 698 1625 putandumst

506 1634 658 1674 perhemni

507 1683 606 1712 salvas

507 1732 644 1763 tollerare

507 1783 651 1823 procellas

507 1843 679 1873 quecunque

507 1887 658 1912 necessest

506 1933 662 1972 quicquam

502 2186 533 2211 et

503 2233 640 2263 materiai

502 2281 622 2312 inanest

502 2331 605 2372 figitur

502 2380 595 2421 igitur

504 2431 545 2460 sit

504 2480 591 2513 Quod

507 2529 600 2560 Sicuti

501 2590 651 2611 sumerum

501 2635 645 2661 summast

502 2679 661 2720 diffugiant

501 2740 559 2769 que

501 2789 607 2809 versus
620 2779 700 2810 deest

502 2838 604 2859 versus
619 2829 699 2860 deest

761 542 770 707 f

844 561 982 592 Venetiis.

868 654 950 683 1495.

787 739 870 769 deest

788 789 995 830 dispositumst

788 839 945 879 quicquam

789 888 872 919 deest

790 940 876 974 Quod

790 989 900 1020 talibus

790 1041 924 1079 quamvis

791 1100 908 1120 manere

789 1138 870 1168 deest

792 1187 929 1218 Seorsum

789 1240 902 1279 perisse

790 1294 942 1319 necessest

789 1338 970 1369 Conficiente

789 1393 820 1418 et
832 1388 910 1418 enim

789 1437 934 1467 Constare

791 1486 968 1526 Desiperest

789 1535 924 1566 diversus

790 1586 982 1625 putandumst

790 1636 942 1673 perhemni

790 1684 889 1714 salvas

790 1734 928 1766 tollerare

789 1785 934 1825 procellas

789 1846 961 1876 quecunque

790 1891 944 1916 necessest

790 1936 946 1975 quicquam

789 1990 821 2014 et

788 2040 871 2065 artus

789 2084 961 2115 Dissociare

787 2138 891 2174 partus

788 2189 819 2214 et

788 2234 924 2264 materiai

786 2283 903 2314 inanest

787 2332 890 2372 figitur

786 2381 879 2422 igitur

787 2431 828 2460 sit

787 2480 875 2514 Quod

788 2529 882 2559 Sicuti

785 2590 934 2609 summ-um

785 2640 899 2661 summa
910 2634 959 2660 est

783 2680 943 2721 diffugiant

785 2741 842 2770 que

784 2789 889 2810 versus
903 2779 982 2810 deest

784 2839 889 2859 versu-s
902 2828 981 2860 deest

1133 436 1248 458 ALDUS.

1122 560 1261 590 Venetiis.

1153 653 1166 678 1
1171 653 1235 678 500.

1074 751 1109 770 ac

1074 791 1281 831 dispositumst

1075 840 1232 880 quicquam

1075 889 1156 918 deest

1079 940 1145 969 Hoc

1076 989 1205 1019 calcibus

1075 1038 1181 1078 quavis

1075 1097 1194 1117 manere

1075 1136 1156 1167 deest

1078 1187 1215 1218 Seorsum

1078 1238 1202 1277 periisse

1078 1292 1230 1318 necessest

1075 1337 1242 1367 Confiteare

1074 1391 1105 1416 et
1118 1387 1196 1417 enim

1075 1437 1249 1467 Consentire

1074 1487 1253 1528 Desiperest

1073 1536 1219 1567 diversius

1072 1587 1266 1626 putandumst

1073 1636 1195 1676 perenni

1073 1685 1172 1715 salvas

1074 1735 1200 1765 tolerare

1074 1784 1219 1824 procellas

1075 1845 1258 1876 quaecunque

1074 1891 1226 1916 necessest

1074 1935 1231 1975 quicquam

1073 1985 1154 2016 deest

1073 2040 1157 2065 artus

1073 2084 1246 2116 Dissociare

1068 2883 1237 2923 quoniamst

1527 229 1622 270 255

1368 379 1410 399 Ex
1421 380 1586 401 TYPOGRA-

1341 433 1420 453 mnA
1436 434 1599 456 SOCIETATI

1384 488 1579 510 BlPONTlNAE.

1436 653 1451 678 1
1456 653 1522 683 782.

1359 748 1394 767 ac

1357 787 1576 827 dispositum’st

1357 837 1502 877 quidquid

1357 886 1438 917 deest

1361 937 1430 967 Hoc

1358 986 1488 1018 calcibus

1361 1037 1466 1076 quaw's

1358 1093 1492 1118 maneret

1357 1137 1389 1166 in

1361 1187 1498 1218 Seorsum

1358 1238 1483 1277 periisse

1358 1287 1521 1317 neeesse’st

1359 1335 1525 1365 Confiteare

1358 1385 1469 1415 etenim

1359 1436 1535 1467 Consentire

1359 1486 1547 1526 Daeipere'st

1357 1535 1502 1567 diversius

1356 1586 1561 1625 putandum’st

1357 1637 1478 1675 perenni

1355 1696 1448 1715 saevas

1357 1734 1483 1765 tolerare

1356 1785 1500 1825 procellas

1356 1847 1537 1876 quaecunque

1357 1885 1523 1917 neeesse‘st

1357 1937 1516 1977 quidquam

1357 1985 1438 2015 deest

1356 2040 1455 2065 arctas

1357 2085 1531 2116 Dissociare

1356 2135 1468 2173 parteis

1356 2189 1390 2213 ut

1358 2233 1496 2264 material·

1355 2283 1485 2314 inane'st

1355 2333 1489 2374 fungitur

1355 2383 1423 2413 ideo

1355 2431 1389 2461 fit

1355 2481 1422 2515 Quo

1355 2532 1433 2562 sicut

1353 2592 1532 2613 summarum

1353 2631 1510 2663 summa’st

1352 2681 1493 2722 diffugiat

1353 2743 1419 2773 quae

1352 2784 1397 2813 At
1410 2794 1516 2823 neque,
1531 2784 1589 2814 &c-

1353 2834 1516 2865 Natura'st

1352 2885 1490 2924 quoniam
