1967 3314
276 271 372 312 260
567 268 1017 322 VARIANTES
1066 274 1500 326 LECTIONES

665 452 783 472 FAULUS
796 452 929 472 Ffllnzn-
952 452 1142 474 THEODOBUS
1156 454 1198 474 DE
1531 436 1572 457 Ex
1584 437 1747 458 ΤῩΡΟΕΒΑ-

416 479 615 503 nannenus.
731 505 866 526 mmmm·
954 506 1187 530 BAGAZONUUS·
1298 488 1411 510 Annus.
1504 490 1582 511 rum
1598 491 1778 512 socurrxns

1546 545 1740 565 mmm-maz.

725 606 852 637 Veram.
1010 612 1147 644 Venetiic.
1293 615 1432 645 Venetiis.
1573 614 1707 655 Biponti.

305 651 346 681 V.

427 691 499 722 Sine
512 693 608 723 Anno.
759 696 842 724 1486.
1038 705 1121 733 1495.
1320 706 1405 733 1500.
1598 704 1680 734 1782-

298 791 352 820 951
401 783 523 813 conviva
681 783 805 813 conunia
959 789 1122 819 communia
1241 790 1364 820 conviva
1524 789 1647 819 conviva

298 841 356 869 952
401 831 530 870 quietam
682 831 811 870 quietam
960 837 1089 876 quietem
1243 838 1370 877 quieoem
1524 838 1653 877 quietem

299 890 355 918 953
402 880 471 910 Sive
684 881 752 910 Sive
963 886 1031 916 Sive
1244 887 1296 916 Sin
1526 887 1577 915 Sin

401 940 486 969 aqum
681 941 764 969 aeque
961 945 1046 975 aeque
1243 947 1279 966 ea
1291 947 1356 976 qum
1524 947 1560 965 ea
1573 947 1638 975 quae

402 979 516 1008 fructus
681 980 787 1010 fluctus
961 983 1067 1014 fluctus
1243 984 1360 1016 functus
1524 984 1638 1016 fructus

399 1037 514 1066 cunque
681 1040 805 1069 cumque
961 1044 1084 1072 cumque
1242 1045 1356 1074 cunque
1524 1045 1638 1074 cunque

298 1089 355 1117 954
400 1077 429 1106 in
443 1078 555 1108 offenso
568 1081 615 1107 est
681 1081 850 1111 moffensost
961 1083 1133 1114 inoffensost
1243 1084 1273 1113 in
1285 1084 1427 1115 offensost
1525 1084 1555 1114 in
1568 1084 1723 1116 offensn'st

401 1137 466 1166 quae
479 1137 526 1157 res
680 1140 797 1169 quaeres
960 1144 1073 1173 quaeres
1243 1135 1350 1174 quaeris
1525 1133 1632 1172 quaeris

297 1188 353 1216 955
401 1176 469 1206 mali
682 1179 750 1208 mali
961 1183 1029 1212 mali
1243 1185 1320 1214 male
1526 1183 1602 1213 male

400 1226 515 1257 occidat
682 1229 797 1262 accidat
962 1233 1078 1264 accidat
1244 1234 1360 1265 accidat
1525 1233 1641 1263 occidat

297 1285 354 1315 950
402 1275 491 1306 Nunc
685 1278 774 1310 Nunc
964 1282 1053 1312 Nunc
1244 1294 1321 1313 nuuc
1528 1282 1596 1313 Nec

400 1326 463 1356 vite
682 1328 750 1357 vitae
962 1332 1030 1362 vitae
1245 1333 1313 1363 vitae
1527 1332 1596 1362 vitae

395 1376 474 1416 jacis
675 1378 753 1418 jacis
957 1381 1036 1421 Jacis
1244 1382 1318 1412 sacis
1525 1382 1599 1412 facis

297 1435 353 1464 957
392 1426 480 1456 'deest
681 1427 760 1457 deest
962 1430 1042 1459 deest
1243 1436 1291 1461 est
1526 1431 1605 1462 deest

297 1484 354 1512 959
400 1481 510 1506 marcet
681 1481 790 1506 marret
963 1483 1090 1509 maceret
1246 1485 1357 1510 marcet
1526 1486 1637 1512 marcet

400 1531 431 1555 et
681 1530 712 1555 et
961 1527 1041 1558 deest
1244 1536 1275 1560 et
1526 1538 1557 1562 et

296 1580 350 1610 961
400 1587 506 1616 perges
682 1583 787 1613 perges
962 1589 1068 1618 perges
1244 1591 1350 1620 perges
1527 1591 1634 1621 pergas

401 1636 525 1655 vuncere
682 1622 798 1651 vincere
962 1627 1078 1656 vincere
1244 1630 1360 1659 vincere
1527 1631 1642 1661 vincere

399 1674 480 1704 secla
681 1672 762 1701 secla
962 1676 1043 1706 secla
1245 1679 1326 1709 secla
1527 1680 1616 1709 saecla

295 1728 352 1759 962
399 1724 497 1764 potius
682 1726 769 1761 potus
962 1731 1049 1766 potus
1247 1729 1344 1769 potius
1528 1729 1625 1769 potius

398 1783 545 1813 nunquam
682 1782 838 1811 numquam
962 1787 1110 1816 nunquam
1245 1788 1393 1817 nunquam
1526 1790 1674 1819 nunquam

296 1827 352 1858 963
398 1824 606 1864 respondemus
680 1822 889 1861 respondemus
963 1826 1171 1866 respondemus
1244 1827 1452 1867 respondemus
1527 1829 1753 1869 respondeamus

400 1875 425 1903 si
556 1864 561 1871 ⁵
680 1870 708 1899 Si
963 1875 989 1905 si
1245 1878 1272 1908 si
1527 1880 1584 1910 nisi

398 1924 549 1953 intendere
681 1920 834 1950 incendere
964 1924 1117 1959 incendere
1245 1929 1397 1958 intendere
1528 1929 1678 1960 intendem

295 1977 352 2008 954
400 1974 549 2003 Naturam
683 1969 830 2000 Naturam
964 1973 995 2002 N
997 1980 1111 2004 atumm
1247 1977 1367 2007 Natura
1531 1979 1679 2010 Naturam

294 2027 350 2057 965
398 2024 499 2062 Atque
681 2020 783 2058 Atque
962 2026 1063 2064 Atque
1246 2027 1290 2056 At
1302 2026 1352 2065 qui
1527 2032 1572 2059 At
1584 2030 1635 2069 qui

294 2076 351 2107 065
399 2071 469 2101 Non
683 2068 754 2098 Non
964 2073 1034 2102 Non
1247 2077 1328 2106 Num
1530 2078 1599 2108 Non

294 2126 351 2157 967
398 2121 535 2151 lacrimas
682 2119 817 2149 lacrimas
963 2122 1119 2153 lachrimas
1245 2126 1389 2166 lacrymas
1527 2127 1662 2158 lacrimas

399 2171 516 2201 baratre
682 2168 798 2198 baratte
963 2172 1080 2202 baratte
1244 2175 1333 2204 barde
1528 2177 1673 2206 Barathro

295 2225 353 2256 969
399 2221 570 2262 perfunctus
682 2228 734 2257 per
746 2222 875 2248 samctus
962 2233 1014 2262 per
1026 2227 1154 2254 samctos
1244 2223 1415 2264 perfunctus
1526 2226 1690 2266 perfructus

399 2271 474 2301 vita‘i
682 2266 770 2296 Vitari
962 2271 1050 2301 vitari
1243 2272 1318 2302 vita'i
1525 2275 1600 2304 vitai

399 2321 510 2361 premia
682 2316 794 2356 premia
962 2321 1074 2361 premia
1243 2322 1362 2362 praemia
1524 2324 1646 2363 praemia

399 2382 511 2402 marces
681 2371 792 2396 martes
964 2374 1073 2400 martes
1243 2381 1355 2401 marces
1525 2383 1636 2403 marces

295 2425 352 2453 970
398 2421 484 2451 abest
683 2415 752 2445 abes
962 2421 1033 2451 abes
1243 2432 1313 2452 aves
1526 2432 1596 2452 aves

397 2470 434 2499 ab
448 2474 496 2500 est
682 2464 767 2493 abest
963 2470 1048 2500 abest
1246 2472 1333 2501 abest
1526 2472 1611 2501 abest

398 2520 558 2559 praesentia
682 2515 839 2553 Prff-'Sssnfia
963 2521 1111 2559 presentia
1244 2522 1400 2562 praesentia
1526 2521 1684 2562 pr-aesentja

293 2575 348 2604 971
398 2568 573 2608 Imperfecte
684 2564 860 2604 Imperfecte
966 2571 1141 2611 Imperfecte
1246 2572 1423 2612 Imperfecta
1527 2571 1703 2611 Imperfecta

397 2618 440 2647 ela
444 2629 499 2658 psa
511 2623 558 2649 est
683 2614 815 2654 elapsast
963 2620 1095 2660 elapsast
1245 2622 1378 2662 elapsast
1525 2620 1667 2660 clapsa'st

293 2673 350 2702 972
397 2668 529 2707 opinanti
681 2665 815 2704 opinanti
962 2669 1075 2710 opinati
1245 2673 1358 2712 opinati
1523 2668 1655 2710 opina-nti

398 2717 496 2746 astitit
681 2715 780 2744 astitit
965 2719 1063 2750 astitit
1248 2722 1347 2751 astitit
1525 2718 1642 2749 adstitit

293 2772 351 2801 974.
398 2768 482 2795 mitte
683 2764 756 2794 vitte
963 2770 1038 2799 vitte
1246 2771 1331 2801 mitte
1526 2768 1609 2798 mitte

294 2822 351 2851 975
398 2815 494 2845 auimo
510 2826 575 2855 quae
682 2813 778 2844 animo
790 2825 847 2854 que
963 2821 1061 2849 animo
1074 2830 1132 2860 que
1246 2823 1402 2860 animoque
1527 2817 1680 2856 animoque

398 2866 513 2906 magnis
682 2869 795 2907 magnis
947 2871 951 2877 “
963 2869 1077 2909 magnis
1240 2872 1303 2911 jam
1318 2870 1384 2900 aliis
1522 2868 1584 2908 jam
1598 2865 1664 2896 aliis

681 2922 830 2950 necessest
962 2923 1114 2951 necessest
1247 2922 1401 2951 necessest
1528 2915 1689 2949 neoesse‘st

399 2925 518 2946 neccsse
533 2920 581 2946 est
