1967 3314
130 1348 183 1375 551

131 1597 188 1623 552

133 1647 189 1672 553

133 1697 190 1722 554

133 1796 189 1821 555

133 1893 189 1922 556

132 2095 189 2124 557

133 2194 190 2220 558

135 2289 189 2318 561

136 2388 193 2416 562

136 2437 193 2466 564

133 2684 191 2712 568

134 2788 192 2817 570

228 748 307 777 deest
322 757 427 777 versus

229 798 308 827 deest
322 808 425 827 versus

230 899 309 928 auris

232 947 306 977 Cum

231 1006 377 1026 murmure

234 1046 275 1075 Et

232 1100 351 1126 revocat

232 1157 352 1176 raucum

232 1200 311 1225 retro
323 1195 383 1225 cita

233 1245 358 1274 barbara

234 1295 370 1323 bumbum

236 1343 277 1373 Et

235 1391 339 1421 validis

234 1452 304 1471 nece

235 1492 322 1522 tortis

235 1540 385 1580 helycouis

235 1590 383 1629 querelam

237 1639 364 1679 poenitus

239 1688 438 1728 Exprimimus

238 1743 376 1777 rectoque

240 1788 364 1818 Mobilis

238 1849 391 1868 nervorum

240 1888 417 1918 Formatura
428 1899 493 1928 quae

320 1940 377 1968 546

240 1992 303 2022 547.
325 1989 392 2018 levo

323 2037 417 2067 leture

241 2088 310 2118 Hoc

239 2137 367 2178 spatium
379 2141 427 2167 est

237 2197 361 2226 quaeque

238 2246 360 2266 necesse
373 2240 420 2266 est

240 2286 274 2316 fit

241 2346 317 2375 equo

243 2394 363 2414 necesse
373 2390 419 2415 est

242 2435 352 2465 sentire

242 2484 322 2514 illam

242 2535 373 2574 peditum

242 2584 355 2623 parciet

242 2634 322 2664 auris

242 2683 363 2713 missum

241 2732 376 2772 preconis

241 2783 310 2812 dum

239 2843 306 2863 sese

239 2882 345 2914 dividit

238 446 438 469 FERRANDUS.

259 659 331 688 Sine
345 659 373 688 Α
377 669 442 689 nno.

580 229 784 279 LIBRI
826 229 1148 286 QUARTI.

556 468 691 488 PERGER.

566 574 592 602 V
588 582 691 602 eronae.

588 660 672 688 1486.

507 747 587 777 deest
600 758 704 778 versus

508 799 589 828 deest
601 809 706 828 versus

510 900 591 928 auris

511 948 585 976 Cum

511 1007 658 1027 murmura

514 1047 556 1076 Et

512 1107 631 1126 reversa

513 1151 628 1176 tantum

513 1201 592 1226 retro
605 1196 680 1226 citra

513 1247 637 1276 barbara

513 1296 648 1325 bombum

516 1346 558 1375 Et

515 1395 619 1424 validis

515 1455 585 1473 nece

514 1494 601 1524 tortis

515 1544 666 1583 helycouis

515 1595 672 1633 quaerelam

516 1645 634 1685 penitus

518 1694 725 1734 Exprimamus

518 1750 656 1782 rectoque

520 1792 639 1822 Nobilis

519 1852 673 1872 nervorum

601 1943 658 1971 546

521 1991 586 2020 levo

520 2040 614 2070 leture

523 2091 591 2121 Hoc

519 2141 679 2182 spatiumst

520 2202 578 2231 que

519 2246 671 2271 necessest

521 2292 556 2322 fit

520 2352 605 2380 aequo

521 2394 672 2420 necessest

522 2439 632 2467 sentire

523 2487 603 2517 illam

523 2537 653 2576 peditum

523 2587 636 2626 porciet

524 2637 604 2666 auris

523 2686 645 2716 missum

525 2736 676 2767 Praeconis

523 2786 592 2815 dum

521 2835 594 2865 secli

521 2885 597 2915 vidit

521 1892 545 1920 F
547 1897 678 1922 ormatur
691 1903 774 1932 aquae

484 413 606 434 PAULUS
622 414 756 434 FMDEN-
776 414 973 434 Tul-:onolws
989 415 1030 434 DE

788 468 1021 489 RAGAzoNIBUS.

837 572 871 600 V
869 570 980 601 enetiiS.

872 663 955 692 1495.

793 749 873 778 deest
886 759 990 778 versus

793 799 872 829 deest
887 809 992 829 versus

793 899 874 928 auris

796 949 819 977 C
823 959 871 977 um

796 1107 916 1127 reversa

796 1150 911 1175 tantum

797 1199 876 1224 retro
889 1195 964 1224 citra

797 1245 924 1274 barbara

797 1295 933 1324 bombum

800 1344 842 1373 Et

799 1393 904 1423 validis

799 1454 870 1473 nece

799 1493 886 1522 tortis

800 1543 951 1582 helyconis

801 1593 956 1632 quaerelam

802 1644 919 1683 penitus

805 1693 1012 1732 Exprimamus

803 1746 942 1781 rectoque

805 1792 923 1822 Nobilis

803 1853 958 1872 nervorum
1087 1850 1241 1869 nervorum

804 1891 961 1921 Formatur
974 1903 1056 1932 aquae
1088 1890 1321 1930 Formaturaque

884 1943 941 1971 546
1166 1941 1223 1970 546

803 1989 869 2020 levo
1086 1991 1160 2020 levis

802 2040 897 2071 leture
1087 2040 1184 2069 levore

806 2091 874 2120 Hoc
1091 2090 1159 2119 Hoc

803 2141 962 2180 spatiumst
1087 2140 1246 2179 spatiumst

804 2201 870 2230 quae
1088 2199 1211 2228 quaeque

804 2243 956 2270 necessest
1092 2243 1243 2270 necessest

804 2289 838 2319 fit
1088 2289 1123 2319 fit

804 2350 888 2379 aequo
1088 2349 1172 2377 aequo

806 2393 957 2419 necessest
1089 2392 1241 2417 necessest

806 2439 916 2469 sentire
1091 2436 1201 2466 sentire

806 2487 887 2517 illam
1089 2487 1140 2516 illa

806 2537 937 2577 peditum
1089 2536 1217 2566 edictum

807 2588 919 2627 porciet
1090 2587 1202 2626 prociet

807 2636 886 2667 auris
1090 2635 1187 2665 aureis

806 2687 927 2717 missum
1090 2686 1211 2715 missum

808 2736 955 2767 Praeconis
1093 2735 1244 2766 Praeconis

805 2786 874 2816 dum
1090 2785 1226 2825 quoniam

806 2835 878 2865 secli
1091 2845 1124 2865 se

809 2884 881 2915 vidit
1091 2884 1197 2916 dividit

1137 446 1251 466 ALDUS.

1128 569 1228 599 Veneti
1230 569 1262 600 is.

1158 660 1239 686 1500.

1079 745 1159 775 deest
1172 756 1277 776 versu-s

1081 795 1160 825 deest
1172 806 1276 826 versus

1080 897 1177 926 aureis

1080 957 1146 976 cum

1080 1007 1225 1027 murmure

1083 1046 1124 1075 Et

1080 1095 1189 1124 reflexa

1078 1149 1172 1174 tretro

1080 1194 1153 1224 dant
1167 1205 1276 1224 cornua

1082 1244 1207 1273 barbara

1081 1294 1217 1323 bombum

1082 1341 1162 1370 deest

1083 1391 1223 1422 Vallibus

1083 1492 1193 1521 detorti

1086 1542 1241 1571 Heliconis

1086 1591 1235 1630 querelam

1085 1640 1202 1679 penitus

1086 1744 1222 1779 retroque

1089 1789 1212 1819 Mobilis

1083 1445 1114 1470 et
1127 1442 1215 1481 cygni
1230 1452 1300 1471 nece

1088 1689 1113 1718 E
1118 1690 1289 1729 xprimimus

1368 392 1406 410 Ex
1420 393 1582 414 TYPOGRA-
1624 395 1629 403 “

1343 445 1420 465 PfllA
1435 447 1615 468 socOETAsz

1384 498 1562 519 BIPONTINAE
1568 514 1575 520 .

1413 568 1546 609 Biponti.

1442 663 1523 692 1782.

1366 749 1533 788 Asperius,
1548 750 1604 779 &c-

1366 798 1590 838 Principiorum,

1398 849 1455 878 &c.

1365 899 1461 929 aureis

1366 948 1462 982 Quom

1365 1008 1510 1028 murmure

1367 1048 1431 1077 Aut

1366 1097 1489 1127 reboant

1367 1158 1486 1178 raucum

1367 1198 1507 1227 retrocita

1368 1257 1477 1276 cornua

1367 1297 1502 1326 bombum

1367 1344 1449 1373 deest

1369 1393 1509 1423 Vallibus

1368 1448 1399 1472 et
1412 1443 1504 1482 Cycni
1517 1443 1622 1484 gelidis

1368 1493 1426 1522 orti

1372 1543 1527 1573 Heliconis

1369 1593 1517 1632 querelam

1369 1643 1486 1682 penitus

1372 1692 1571 1733 Exprimimus

1368 1747 1507 1782 rectoque

1371 1791 1496 1822 Mobilis

1370 1842 1525 1872 verborum

1370 1891 1603 1933 Formaturaque

1370 1993 1458 2022 laevor

1371 2041 1476 2072 laevore

1371 2094 1473 2131 Atque

1370 2141 1541 2182 spatium'st

1370 2202 1494 2231 quaeque

1373 2240 1536 2271 neeesse'st

1372 2291 1413 2320 sit

1371 2351 1455 2379 aequo

1372 2389 1535 2420 necesse'st

1371 2438 1474 2468 audire

1370 2487 1461 2517 hilum

1373 2536 1501 2567 edictum

1373 2587 1487 2626 perciet

1373 2636 1469 2666 aureis

1372 2686 1511 2716 emissum

1375 2737 1522 2767 Praeconis

1374 2787 1510 2826 quoniam

1375 2847 1408 2866 se

1374 2886 1480 2916 dividit
