1967 3314
168 636 210 665 V.

276 459 479 481 FERRANDUS.

632 247 854 297 LIBRI
901 247 1197 305 QUINTI.

529 429 652 449 PAULth
663 428 802 450 FRIDEN-
826 429 1017 450 THEonoRUS
1033 430 1074 449 DE

593 482 728 504 PERGER.

1575 258 1668 299 355

1408 408 1450 427 EX
1458 409 1560 429 TYPOG
1564 409 1622 429 RA-

1380 460 1458 480 PHIA
1474 461 1653 483 SOCIETATIS

1422 513 1615 535 BIPONHNAE.

245 555 1654 565 ————-—————————-—-.———,

316 586 446 615 Brixiae.

286 675 360 704 Sine
372 676 472 704 Anno.

268 762 348 792 deest

268 816 367 842 cetera

268 862 414 902 degenere

270 911 388 940 Premia

268 960 389 990 delicias

271 1011 368 1041 cultus
382 1015 414 1041 et

269 1061 361 1090 omnis

268 1110 373 1140 dedala

267 1159 376 1199 politos

268 1212 392 1252 impigre

267 1261 445 1301 pedetentim

267 1310 489 1350 progredientes

266 1370 355 1389 unum
371 1359 509 1399 quicquid

267 1413 340 1438 aetas

267 1458 343 1488 ratio
355 1468 423 1498 quae

265 1508 356 1548 erigit

267 1558 405 1597 Namque

267 1606 347 1635 aliud

267 1656 406 1685 videbant

496 824 498 826 ’
553 818 660 844 caetera

599 588 730 617 Vermzae.

628 679 714 707 1486.

553 764 632 794 deest

552 863 589 893 de
601 875 709 904 genere

554 913 653 944 Prima

551 963 668 993 delitias

551 1012 682 1044 funditus
735 1014 739 1017 ’

550 1062 644 1092 omnis

550 1111 667 1141 daedala

551 1160 657 1200 politos

548 1210 673 1250 impigre

548 1260 736 1300 pedetentum

548 1310 770 1349 progredientes

546 1369 635 1387 unum
649 1359 787 1399 quicquid

547 1411 630 1437 actas

546 1456 622 1486 ratio
635 1467 702 1497 quae

546 1506 636 1546 erigit

548 1555 687 1596 Namque

548 1605 628 1635 aliud

548 1655 687 1685 videbant

834 482 1070 504 RAGAzormms.
1176 460 1288 481 'umus‘

880 584 1018 616 Venetiz's.
1164 583 1300 614 Venetiis.

1190 680 1274 706 1500.

833 762 914 793 deest
1115 768 1147 793 et

789 826 792 830 ·
833 816 942 842 caetera
1116 817 1227 844 caetera

833 862 870 891 de
885 872 992 902 genere
1116 863 1152 892 de
1165 873 1273 903 genere

835 910 936 940 Prima
1117 912 1242 943 Praemia

833 960 952 990 delitias
1115 962 1233 992 delitias

834 1004 967 1040 funditus‘
1114 1010 1246 1041 funditus

833 1061 926 1090 omnis
1113 1060 1224 1090 omneis

833 1109 950 1140 daedala
1111 1110 1225 1139 daedala

831 1160 939 1200 politos
1112 1158 1203 1199 polire

830 1210 954 1249 impigre
1112 1209 1247 1249 impigrae

830 1259 1019 1299 pedetentum
1112 1259 1290 1298 pedetentim

829 1309 1052 1349 progredientes
1110 1307 1343 1348 progredienteis

829 1368 917 1387 unum
927 1358 1065 1397 quicquid
1110 1356 1339 1396 unumquicquid

830 1411 913 1437 actas
1037 1409 1042 1414 '
1112 1410 1188 1435 aetas

829 1458 905 1488 ratio
919 1468 985 1497 quae
1110 1456 1187 1486 ratio
1200 1467 1265 1496 quae.

828 1507 918 1547 erigit
1109 1506 1198 1546 erigit

832 1556 970 1596 Namque
1112 1555 1239 1593 Nanque

829 1605 909 1635 aliud
1109 1605 1170 1634 alid

828 1656 967 1686 videbant
1110 1654 1248 1684 videbant

1455 584 1590 624 Bipontz'.

1471 677 1485 702 1
1490 677 1554 705 782.

1397 764 1428 790 et

1398 813 1498 838 cetera

1397 858 1433 888 de
1447 869 1554 898 genere

1399 907 1527 938 Praemia

1396 956 1517 987 delicias

1395 1005 1527 1036 funditus

1394 1055 1506 1085 omneis

1394 1104 1507 1134 daedala

1393 1154 1485 1194 polire

1393 1204 1526 1244 impigrae

1393 1254 1572 1293 pedetentim

1391 1303 1612 1342 progredientes

1392 1354 1623 1394 unumquidquid

1391 1409 1465 1434 aetas

1391 1454 1524 1494 ratioque

1391 1505 1469 1534 eruit

1392 1554 1529 1594 Namque

1390 1604 1450 1633 alid

1390 1653 1521 1683 videmus
