1967 3314
343 265 438 309 436
779 253 1402 306 ANNOTATIONES

384 390 551 432 Virgilius:

556 465 619 496 Ille
634 463 732 495 canit:
756 463 855 504 pulsae
870 463 1012 494 referunt
1027 462 1067 494 ad
1082 462 1183 494 sidera
1198 462 1302 494 valles.

510 581 575 609 592
608 574 703 606 Unco
721 583 813 618 saepe
830 571 926 606 labro
943 571 1085 606 calamos
1102 569 1272 616 percurrit
1288 570 1438 613 hianteis,

385 648 484 689 Lego,
501 647 575 678 Udo
591 648 670 688 (non
686 646 794 687 unco).
816 645 922 676 Plato:

555 735 656 768 Ἀυτος
672 735 730 764 ἔπει
746 746 861 776 σνςιγγι
875 731 1042 772 μελισδεται
1058 730 1202 771 εὖκελαῖῳ
1219 738 1297 770 nav,

597 790 701 830 ’Τγρον
717 788 764 821 ἱείς
781 789 903 825 {suarm
924 793 1024 821 Χειλσς
1041 787 1110 830 ὕπερ
1129 794 1281 826 καλαμων.

390 875 472 906 Ibid.
498 877 635 907 Calamos
650 875 791 904 lzianteis.
807 872 990 912 Propertius
1008 872 1080 902 111.
1098 874 1146 903 15.

558 950 748 991 Capripedes
763 949 883 982 calamo
899 950 1003 982 Panes
1017 949 1125 980 hiante
1140 954 1263 979 canent.

385 1032 469 1063 Vide
483 1031 535 1062 lib.
552 1035 580 1062 5.
597 1041 625 1060 v.
644 1034 735 1061 1406.

510 1136 576 1164 598
603 1129 805 1163 Humanum
821 1138 930 1172 genus
947 1132 1002 1161 est
1018 1125 1156 1161 avidum
1173 1124 1276 1160 nimis
1293 1124 1530 1159 auricularum.

387 1210 442 1242 An
457 1209 638 1251 legendum,
655 1209 785 1240 avidum
799 1210 893 1240 nimis
907 1207 1126 1238 miraclorum?
1171 1205 1299 1237 Ennius
1312 1204 1397 1246 apud
1415 1205 1590 1236 Varronem
1604 1203 1658 1236 lib.
1673 1204 1715 1234 V.

555 1299 578 1330 J
580 1297 756 1329 amdudum
771 1299 810 1328 ab
825 1297 908 1328 ludis
922 1296 1049 1327 anImus
1060 1302 1153 1338 atque
1169 1306 1259 1326 aures
1273 1301 1376 1332 avent,

558 1353 661 1383 Avide
675 1359 872 1393 expectantes
886 1352 1046 1382 nuntium.

387 1441 521 1482 Propter
535 1442 616 1472 hanc
632 1441 759 1472 aurium
774 1440 955 1472 aviditatem
972 1440 1141 1481 (Varronis
1156 1441 1249 1470 verba
1263 1439 1352 1478 sunt)
1375 1438 1514 1470 Theatra
1527 1439 1694 1480 replentur.

512 1558 578 1587 619
606 1551 704 1593 Hoec,
721 1550 820 1595 queis
836 1549 1005 1584 sentimus
1022 1560 1178 1590 succum,
1192 1548 1311 1593 lingua
1325 1554 1431 1594 atque
1445 1549 1612 1594 palatum,

387 1620 464 1651 Nec.

514 1725 577 1753 631
606 1717 748 1754 Deinde
765 1707 928 1763 voluptas
945 1723 1000 1751 est
1015 1714 1036 1752 ὲ
1051 1727 1158 1752 succo
1182 1716 1217 1750 in
1232 1715 1303 1751 fine
1318 1714 1425 1761 palati

386 1786 472 1823 Dele
482 1790 524 1819 in.

511 1893 578 1921 689
604 1884 737 1920 Pabula
753 1884 862 1928 ducit,
884 1889 920 1919 et
935 1882 957 1917 ὲ
973 1889 1077 1918 taetro
1092 1883 1227 1919 resilire
1242 1894 1379 1918 veneno

387 1962 503 1993 Varro:

559 2035 678 2066 Levius
693 2045 783 2065 mens
798 2044 981 2075 nuncquam
997 2034 1194 2064 somnorinas
1208 2034 1361 2075 imagines

560 2090 698 2126 Affatur,
716 2100 781 2120 non
797 2090 984 2119 umbrantur
999 2099 1110 2119 somno
1124 2088 1254 2128 pupulae

393 2179 445 2211 Ita
462 2177 595 2219 corrigo,
611 2176 696 2217 vulg.
740 2175 857 2206 Levius
872 2184 1016 2204 mensum
1033 2185 1107 2205 cum
1122 2175 1327 2205 somnorinas.

516 2286 555 2314 71
565 2285 578 2312 1
607 2280 649 2313 In
664 2288 792 2324 genere
808 2282 876 2311 est:
905 2272 967 2311 sed
983 2276 1067 2311 item
1085 2276 1219 2322 species
1234 2287 1361 2320 rerum,
1377 2284 1482 2323 atque
1498 2277 1637 2312 colores

1001 2352 1039 2382 ee,

515 2458 583 2487 782
610 2451 751 2497 Quippe
768 2449 897 2485 etenim
913 2448 1028 2484 multo
1044 2448 1152 2494 magis
1167 2448 1243 2483 haec
1261 2455 1343 2484 sunt
1358 2449 1478 2484 tenuia
1500 2454 1614 2492 textu,

396 2527 579 2566 Propertius
595 2525 644 2556 11.
662 2529 710 2556 16.
1042 2512 1044 2515 Ι

567 2600 725 2639 Candida,
742 2611 797 2631 seu
813 2599 913 2630 varios
926 2599 1037 2630 incinit
1051 2609 1105 2630 ore
1119 2598 1238 2630 modos.

565 2657 636 2687 Sive
651 2656 764 2697 aliquis
778 2655 866 2686 molli
881 2654 1046 2686 deducitur
1060 2654 1186 2686 brachia
1199 2659 1287 2695 gesta

392 2733 468 2773 Leg.
512 2733 640 2763 diducit.

521 2840 587 2869 714
614 2833 816 2879 Quinetiam
831 2833 971 2881 gallum,
989 2839 1113 2870 noctem
1129 2832 1420 2881 explaudentibus
1435 2831 1498 2868 alis

401 2903 556 2945 Virgilius
573 2903 690 2944 Georg.
710 2903 769 2934 IV.
