1967 3314
505 375 636 434 lmums
652 413 786 434 ramim-
809 413 1001 434 muzonoaus
1015 414 1056 434 nt
1397 396 1440 417 ²¹
1450 399 1613 423 Trroan.

267 443 469 466 turannos.
579 468 716 488 renota.
814 468 1049 489 RAGAzonnws.
1156 447 1269 470 Annus.
1363 450 1444 471 rm
1459 452 1640 477 socuzrxus

1405 505 1599 529 mouns-z.

299 568 432 599 Brixiae.
578 570 708 602 Veronae.
860 569 997 600 Venetas.
1149 574 1287 606 Veraetiis.
1428 575 1564 617 Biponti.

153 616 194 645 V.

271 656 344 686 Sine
357 658 457 688 Anno.
610 662 695 689 1486.
894 660 977 689 1495-
1174 666 1257 692 1500.
1447 669 1543 697 ’1782

1082 720 1354 733 x
1364 723 1637 735 Ἃ

146 754 201 782 714
248 747 494 787 explaudentibus
529 749 774 788 explaudentibus
814 748 1062 788 explaudentibus
1098 749 1344 789 explaudentibus
1383 752 1628 791 explaudentibus

145 804 161 832 7
166 802 201 830 16
251 795 318 826 Nec
531 797 598 828 Nec
816 795 884 826 Nee
1099 809 1185 837 quem
1384 801 1475 832 Nenu

249 853 399 886 nequeunt
530 854 679 888 nequeunt
815 853 964 886 nequeunt
1099 855 1249 888 nequeunt
1383 857 1494 890 queunt

146 903 202 931 718
249 895 385 934 quaedam
519 898 655 936 ⁴quedam
814 896 940 934 quedam
1099 899 1232 937 quaedam
1383 902 1519 939 quaedam

145 953 202 981 719
249 955 315 984 quae
530 957 587 986 que
815 954 871 983 que
1099 958 1166 986 quae
1383 959 1448 988 quae

248 993 380 1026 immissa
529 996 560 1025 in
573 998 664 1028 missa
814 993 844 1022 in
864 995 955 1026 missa
1099 997 1231 1028 immissa
1382 998 1514 1031 immissa

144 1054 202 1083 720
248 1045 326 1075 inter
337 1046 452 1078 fodiunt
530 1045 721 1079 interfodiunt
813 1042 1005 1076 interfodiunt
1098 1046 1289 1079 interfodiunt
1381 1049 1574 1082 interfodiunt

143 1104 197 1132 721
250 1093 387 1127 P1aebent
532 1095 662 1128 Probent
815 1092 944 1124 Prebent
1099 1095 1239 1127 Praebent
1383 1098 1525 1131 Praebent

143 1154 200 1182 722
246 1144 310 1174 haec
530 1145 585 1175 hec
814 1142 869 1172 hec
1097 1145 1161 1174 haec
1381 1149 1444 1179 haec

247 1194 320 1224 nihil
528 1194 603 1224 nihil
814 1193 888 1222 nihil
1097 1194 1137 1224 nil
1381 1198 1422 1227 nil

246 1244 343 1275 ledere
528 1243 625 1274 ledere
814 1242 911 1272 ledere
1096 1243 1201 1274 laedere
1381 1247 1485 1279 laedere

141 1301 198 1329 723
245 1299 278 1324 at
527 1299 579 1324 aut
813 1296 865 1321 aut
1095 1299 1148 1324 aut
1332 1314 1338 1324 ι
1379 1302 1432 1327 aut

140 1350 196 1378 724
242 1343 331 1373 datus
527 1343 615 1373 datur
811 1340 899 1370 datur
1095 1343 1183 1373 datur
1378 1346 1466 1376 datur

243 1394 415 1424 remorando
525 1393 682 1423 remeando
811 1391 968 1420 remeando
1095 1393 1251 1422 remeando
1378 1397 1534 1428 remeando

139 1449 194 1478 725
244 1441 358 1473 Ledere
526 1441 641 1472 Ledere
811 1439 927 1470 Ledere
1096 1441 1219 1471 Laedere
1379 1444 1505 1476 Laedfflg

138 1496 195 1526 726
242 1501 307 1531 quae
525 1502 582 1531 que
809 1501 867 1530 que
1094 1503 1160 1531 quae
1377 1506 1443 1534 quae

137 1548 202 1577 7272
242 1541 316 1575 Quae
524 1541 590 1575 Que
809 1540 875 1574 Que
1097 1542 1174 1576 Quae
1377 1544 1451 1578 Quae

138 1597 194 1626 728
242 1590 399 1622 simulacra
526 1590 704 1621 simulachra
809 1590 987 1620 simulachra
1092 1591 1249 1622 simulacra
1377 1593 1536 1626 simulacra

137 1647 194 1676 729
241 1641 335 1680 partis
523 1640 617 1678 partis
808 1639 902 1678 partis
1093 1642 1204 1681 parteis
1376 1645 1489 1682 parteis

137 1696 194 1724 730
241 1701 306 1729 quae
524 1699 582 1728 que
808 1699 874 1727 quae
1093 1701 1160 1731 quae
1376 1702 1444 1731 quae

233 1740 400 1781 junguntur
523 1738 662 1778 vig-untur
808 1738 947 1779 vig-untur
1083 1743 1250 1783 junguntur
1369 1742 1537 1783 jung-untur

136 1795 192 1823 732
240 1791 303 1820 haec
522 1788 578 1817 hec
807 1789 870 1818 haec
1091 1793 1155 1822 haec
1376 1792 1438 1820 haec

135 1844 192 1872 733
228 1850 307 1880 .quae
521 1848 579 1877 que
807 1848 872 1877 quae
1091 1852 1158 1881 quae
1375 1850 1442 1879 quae

239 1891 339 1921 oculos
521 1887 613 1918 oculis
805 1888 897 1917 oculis
1090 1891 1167 1921 oculi
1374 1890 1474 1920 oculos

134 1943 190 1971 734
238 1941 302 1970 haec
521 1939 576 1967 hec
805 1939 868 1967 haec
1089 1942 1151 1971 haec
1374 1941 1437 1970 haec

234 2001 306 2020 aera
520 1998 590 2018 aera
804 1998 873 2017 aera
1080 2003 1157 2021 -rara
1373 1999 1440 2018 ¹⁵³1ss

132 2040 188 2070 736
236 2039 421 2071 Centhauros
521 2038 685 2070 Centauros
804 2038 968 2068 Centauros
1090 2041 1254 2071 Centauros
1373 2038 1537 2069 Centauros

235 2089 385 2119 scillarum
521 2088 685 2128 Scyllarum
806 2086 969 2126 Scyllarum
1090 2090 1254 2130 Scyllarum
1374 2089 1538 2128 Scyllarum

130 2143 187 2172 739
235 2139 431 2180 Omnigenum
519 2138 714 2178 Omnigenum
804 2136 999 2177 Omnigenum
1087 2141 1283 2181 Omnigenum
1373 2139 1467 2168 Omne
1479 2150 1575 2179 genus

233 2190 421 2219 simmulacra
516 2188 696 2218 simulachra
802 2186 980 2216 simulachra
1086 2189 1244 2221 simulacra
1371 2189 1528 2218 simulacra

130 2242 187 2270 740
232 2249 301 2278 quae
516 2249 573 2278 que
802 2247 867 2275 quae
1086 2252 1152 2280 quae
1371 2250 1436 2278 quae

234 2287 328 2318 fluunt
515 2289 609 2318 fluunt
802 2285 895 2315 fluunt
1084 2291 1159 2320 fiunt
1371 2289 1445 2319 fiunt

130 2340 183 2368 741
235 2337 349 2367 Partim
361 2349 428 2378 quae
519 2338 690 2379 Partimque
802 2335 973 2374 Partimque
1086 2340 1201 2369 Partim
1213 2351 1281 2379 quae
1372 2338 1397 2367 P
1399 2338 1485 2367 ari-im
1499 2349 1567 2378 quae

233 2398 347 2426 cunque
515 2399 630 2428 cunque
801 2395 916 2424 cunque
1085 2399 1200 2428 cunque
1370 2399 1493 2427 cumque

129 2438 185 2467 742
232 2448 291 2476 quo
516 2449 574 2476 quo
802 2444 860 2472 (1¹10
1085 2448 1153 2477 quae
1370 2448 1434 2477 quae

232 2486 389 2516 conficiunt
517 2485 674 2516 conficiunt
801 2482 958 2513 conficiunt
1084 2487 1241 2518 conficiunt
1369 2487 1535 2517 consistunt

232 2536 334 2564 horum
516 2536 618 2564 horam
800 2534 902 2563 horam
1084 2538 1189 2566 horum
1369 2538 1472 2566 horum

230 2583 332 2624 figuris
515 2584 609 2624 figure
799 2583 902 2624 figurae
1084 2586 1187 2627 figuris
1368 2587 1471 2627 figuris

127 2641 183 2669 744
230 2633 367 2672 quoniam
515 2634 591 2664 enim
799 2634 877 2664 enim
1084 2637 1220 2676 quoniam
1369 2637 1506 2676 quoniam

230 2684 339 2714 animai
514 2686 623 2716 animai
758 2707 763 2711 .
799 2684 908 2714 animai
1083 2686 1191 2715 animai
1323 2704 1326 2706 -
1368 2686 1503 2717 animalis

126 2738 182 2768 746
231 2734 374 2765 Harescit
515 2736 675 2766 Hacrescit
802 2735 961 2765 Hacraeeit
1084 2735 1232 2766 Haerescit
1371 2736 1524 2766 Haereseit

228 2784 377 2824 extemplo
513 2795 551 2814 ex
569 2784 678 2826 templo
799 2795 836 2813 ex
850 2784 960 2825 templo
1081 2785 1229 2826 extemplo
1367 2786 1516 2827 extemplo

125 2838 180 2866 748
228 2834 337 2864 Cetera
513 2834 622 2865 Caeteri
748 2866 751 2868 ,
799 2834 910 2864 Caeteri
1082 2835 1197 2865 Caetera
1364 2836 1475 2867 Cetera

123 2887 179 2917 749
227 2884 304 2920 Quae
513 2884 579 2919 Que
796 2884 874 2919 Quae
1081 2885 1158 2920 Quae
1368 2885 1443 2921 Quae
