1967 3314
251 439 454 462 mnANDUS.

620 229 840 278 LIBRI
882 229 1176 288 QUINTI.

501 410 625 432 PAULUS
640 412 775 433 FMDBN-
802 412 993 433 Tutonolms
1008 412 1050 433 DE

1384 391 1425 410 Ex
1442 392 1606 413 TYPOGRA-

1365 443 1440 463 eum
1456 444 1636 467 socOETATls

564 467 701 488 Peucen.
809 466 1044 487 RAGAZONIBUS.

1402 497 1597 519 nrroxrrxffi.

290 565 420 595 Bn'xae'ae.
578 572 708 604 Veronae,
1142 567 1284 598 Veneriis.

256 656 330 685 Sine
342 658 442 687 Anno.
597 664 679 693 1436,
885 666 967 695 1495,
1169 659 1253 686 1500.

233 746 405 786 plerumque
804 749 975 790 plerumque
1091 745 1253 786 plerunque
1379 746 1551 787 plerumque

235 797 280 825 At
1378 797 1422 826 At

233 850 392 886 purgatum
404 850 452 877 est
1378 847 1580 886 purgatum'st

234 905 304 934 quae
1378 907 1444 935 quae

234 945 340 985 praelia
1378 946 1481 985 proelia

234 1000 305 1025 sunt
1378 998 1450 1024 tunc

234 1055 300 1074 cum
313 1045 452 1076 scindunt
519 1057 588 1085 qum
601 1046 741 1077 scindunt
803 1058 873 1087 qum
887 1048 1027 1078 scindunt
1089 1048 1152 1073 tum
1171 1043 1313 1074 scindunt
1378 1044 1572 1075 conscindunt

234 1094 386 1133 cupidines
519 1095 669 1136 cupidines
802 1097 954 1136 cupidines
1089 1093 1242 1132 cupedjnis
1378 1095 1551 1134 cuppedinis

234 1153 310 1173 acrae
517 1155 585 1174 acre
802 1156 870 1175 acre
1089 1152 1173 1171 acres
1377 1154 1460 1173 acres

235 1193 398 1224 Sollicitum
519 1195 675 1225 Sillicitum
804 1194 960 1225 Sillicitum
1091 1191 1255 1222 Sollicitum
1379 1194 1544 1224 Sollicitum

232 1244 376 1283 spurcitia
518 1245 661 1285 spurcitia
802 1245 948 1285 spurcitia
1089 1241 1234 1281 spurcitia
1377 1245 1536 1284 spurcities

231 1303 266 1322 ac
516 1306 551 1324 ac
802 1304 837 1323 ac
1090 1302 1126 1320 ae
1377 1294 1458 1324 deest

230 1343 398 1381 petulantia
514 1344 684 1384 peculantia
802 1342 971 1381 peculantia
1090 1340 1256 1380 petulantia
1377 1343 1544 1382 petulantia

230 1392 329 1422 clades
515 1393 615 1423 clades
803 1391 905 1421 clades
1090 1390 1190 1420 clades
1378 1392 1488 1422 cladeis

229 1442 346 1473 desidia
359 1454 453 1483 aequae
516 1442 631 1472 desidia
645 1443 714 1483 equi
802 1441 916 1471 desidia
931 1442 999 1482 equi
1088 1439 1270 1479 desidiaeque
1377 1443 1577 1484 Desidiesque

233 1491 301 1521 Hec
519 1492 586 1522 Hec
805 1490 885 1520 Haec
1092 1489 1171 1518 Haec
1378 1493 1458 1522 Haec

230 1541 382 1581 subegerit
517 1542 572 1571 sub
585 1541 664 1581 egrit
803 1540 858 1569 sub
871 1540 951 1581 egrit
1090 1539 1243 1579 subegerit
1376 1543 1530 1584 subegerit

206 1595 209 1608 ⁸
231 1590 305 1620 bene
517 1591 593 1620 bene
804 1590 878 1619 bene
1090 1587 1165 1616 bone
1376 1593 1452 1622 bene

231 1641 395 1679 praesertim
517 1640 673 1680 presertim
803 1639 967 1678 praesertim
1090 1637 1254 1676 praesertim
1376 1641 1539 1680 praesertjm

231 1689 302 1719 Jam
316 1690 488 1721 mortalibus
517 1690 537 1718 J
540 1700 587 1719 am
601 1690 772 1721 mortalibus
803 1690 824 1718 J
826 1700 873 1719 am
887 1689 1059 1719 mortalibus
1089 1686 1109 1714 J
1112 1696 1159 1715 am
1172 1686 1345 1716 mortalibus
1377 1689 1594 1720 Immortalibu‘

233 1749 250 1768 e
517 1751 534 1769 e
804 1750 820 1768 e
1090 1746 1106 1764 e

232 1789 326 1818 suerit
517 1790 611 1820 suerit
803 1788 894 1818 fuerit
1089 1785 1183 1815 sue'rit

233 1839 324 1879 Cujus
517 1839 609 1878 Cujus
804 1839 895 1878 Cujus
1090 1834 1174 1874 cujus

231 1889 300 1918 dum
516 1888 585 1917 dum
803 1888 872 1917 dum
1089 1893 1165 1912 nunc

231 1949 354 1978 quaeque
516 1948 633 1977 quaque
802 1948 919 1977 quaque
1088 1942 1215 1972 quaeque

230 1989 271 2018 sit
514 1987 559 2017 sic
802 1987 846 2016 sic
1087 1982 1128 2011 Sit

230 2038 349 2067 valeant
363 2039 421 2068 aevi
515 2037 634 2067 valeant
650 2037 708 2067 aevi
801 2036 922 2066 valeant
934 2037 989 2067 aeri
1088 2032 1206 2062 valeant
1220 2033 1276 2062 aevi
1373 2035 1430 2064 aevi
1445 2035 1563 2065 valeant

203 2116 207 2129 ι
229 2087 319 2117 animi
514 2087 612 2117 anima
800 2087 898 2116 anima
1087 2083 1192 2112 auimae
1373 2085 1465 2115 animi

228 2141 348 2176 reperta
361 2141 409 2166 est
514 2141 634 2177 reperta
646 2142 693 2167 est
801 2142 919 2176 reperta
931 2141 979 2166 est
1086 2137 1234 2171 repertast
1374 2136 1534 2175 reperta'st

228 2186 353 2225 primum
514 2187 639 2227 primum
799 2185 923 2225 primum
1086 2182 1213 2222 primum
1372 2184 1467 2224 primo

228 2235 258 2264 in
274 2235 409 2266 columen
514 2236 544 2266 in
559 2236 691 2266 columen
799 2235 829 2264 in
846 2235 979 2265 columen
1087 2232 1259 2262 incolomem
1374 2235 1529 2264 incolumis

230 2294 323 2314 aevom
513 2296 606 2316 aevom
800 2297 891 2316 aevom
1087 2292 1181 2311 aevum
1374 2296 1468 2314 aevum

166 2338 183 2347 ”
230 2332 388 2363 simulacra
513 2336 693 2366 simulachra
799 2336 979 2366 simulachra
1087 2330 1245 2360 simulacra
1372 2334 1531 2364 simulacra

168 2396 171 2400 '
230 2393 296 2411 cum
514 2397 583 2425 qum
800 2396 869 2425 qum
1087 2390 1152 2409 Cum
1372 2395 1438 2414 cum

229 2432 385 2461 videantur
513 2434 669 2463 videantur
800 2436 956 2465 videantur
1088 2429 1240 2458 Videamur
1373 2433 1524 2462 videamur

229 2482 371 2522 telinquit
514 2483 634 2522 reliquIt
800 2484 920 2523 reliquit
1087 2478 1208 2517 reliqnit
1373 2481 1492 2521 reliquit

229 2532 310 2561 deest
513 2531 594 2561 deest
799 2532 881 2562 deest
1087 2528 1168 2557 deest
1373 2543 1420 2561 me

230 2581 433 2621 Nativomque
516 2581 717 2621 Nativamque
801 2582 1002 2623 Nativamque
1090 2577 1292 2618 Nativumque
1375 2582 1577 2622 Nativumque

227 2632 378 2662 reddunda
515 2631 640 2661 retanda
799 2633 925 2663 retunda
1087 2627 1238 2658 reddunda
1374 2633 1525 2663 reddunda

227 2682 269 2711 sit
513 2681 557 2711 sic
799 2682 843 2711 sic
1087 2676 1128 2705 Sit
1374 2682 1415 2712 sit

227 2731 322 2762 celum
515 2731 616 2760 caelum
799 2731 902 2760 caelum
1086 2726 1188 2756 eaelum
1374 2732 1478 2762 coelum

227 2782 336 2822 sydera
512 2779 620 2821 sydera
799 2781 907 2820 sydera
1087 2776 1186 2805 Sidera
1373 2781 1471 2811 sidera
1527 2806 1531 2810 .

146 2836 184 2865 70
229 2842 294 2871 quae
513 2830 594 2860 deest
801 2830 881 2860 deest
1372 2839 1438 2869 quae

147 2886 181 2914 71
228 2886 262 2910 et
512 2880 594 2911 deest
800 2880 882 2911 deest
1371 2884 1403 2909 et

237 2942 316 2972 Vox..
332 2942 396 2973 IV.
871 2941 904 2972 R
924 2951 940 2971 ἵ
