<?xml version="1.0" encoding="UTF-8"?>
<!DOCTYPE html PUBLIC "-//W3C//DTD XHTML 1.0 Transitional//EN"
    "http://www.w3.org/TR/xhtml1/DTD/xhtml1-transitional.dtd">
<html xmlns="http://www.w3.org/1999/xhtml" xml:lang="en" lang="en">
 <head>
  <title>
</title>
<meta http-equiv="Content-Type" content="text/html;charset=utf-8" />
  <meta name='ocr-system' content='tesseract 3.04.00' />
  <meta name='ocr-capabilities' content='ocr_page ocr_carea ocr_par ocr_line ocrx_word'/>
</head>
<body>
  <div class='ocr_page' id='page_1' title='image "./tlucretiicarider04lucruoft_0427.png"; bbox 0 0 1967 3314; ppageno 0'>
   <div class='ocr_carea' id='block_1_1' title="bbox 644 254 1138 303">
    <p class='ocr_par' dir='ltr' id='par_1_1' title="bbox 644 254 1138 303">
     <span class='ocr_line' id='line_1_1' title="bbox 644 254 1138 303; baseline 0 -1"><span class='ocrx_word' id='word_1_1' title='bbox 644 254 854 302; x_wconf 88' lang='lat' dir='ltr'>LIBRI</span> <span class='ocrx_word' id='word_1_2' title='bbox 896 254 1138 303; x_wconf 92' lang='lat' dir='ltr'>SEXTI.</span> 
     </span>
    </p>
   </div>
   <div class='ocr_carea' id='block_1_2' title="bbox 1543 264 1636 305">
    <p class='ocr_par' dir='ltr' id='par_1_2' title="bbox 1543 264 1636 305">
     <span class='ocr_line' id='line_1_2' title="bbox 1543 264 1636 305; baseline 0 0"><span class='ocrx_word' id='word_1_3' title='bbox 1543 264 1636 305; x_wconf 85' lang='lat'>395</span> 
     </span>
    </p>
   </div>
   <div class='ocr_carea' id='block_1_3' title="bbox 107 381 1628 399">
    <p class='ocr_par' dir='ltr' id='par_1_3' title="bbox 107 381 1628 399">
     <span class='ocr_line' id='line_1_3' title="bbox 107 381 1628 399; baseline 0 2915"><span class='ocrx_word' id='word_1_4' title='bbox 107 381 1628 399; x_wconf 95' lang='lat' dir='ltr'> </span> 
     </span>
    </p>
   </div>
   <div class='ocr_carea' id='block_1_4' title="bbox 131 639 169 667">
    <p class='ocr_par' dir='ltr' id='par_1_4' title="bbox 131 639 169 667">
     <span class='ocr_line' id='line_1_4' title="bbox 131 639 169 667; baseline 0 0"><span class='ocrx_word' id='word_1_5' title='bbox 131 639 169 667; x_wconf 88' lang='lat' dir='ltr'>V.</span> 
     </span>
    </p>
   </div>
   <div class='ocr_carea' id='block_1_5' title="bbox 83 397 107 1410">
    <p class='ocr_par' dir='ltr' id='par_1_5' title="bbox 83 397 107 1410">
     <span class='ocr_line' id='line_1_5' title="bbox 91 397 107 753; baseline 0 -17"><span class='ocrx_word' id='word_1_6' title='bbox 91 397 107 753; x_wconf 95' lang='lat' dir='ltr'>  </span> 
     </span>
     <span class='ocr_line' id='line_1_6' title="bbox 83 753 97 1410; baseline 0 -310"><span class='ocrx_word' id='word_1_7' title='bbox 83 753 97 1410; x_wconf 95' lang='lat' dir='ltr'>   </span> 
     </span>
    </p>
   </div>
   <div class='ocr_carea' id='block_1_6' title="bbox 101 777 176 806">
    <p class='ocr_par' dir='ltr' id='par_1_6' title="bbox 101 777 176 806">
     <span class='ocr_line' id='line_1_7' title="bbox 101 777 176 806; baseline -0.013 -3"><span class='ocrx_word' id='word_1_8' title='bbox 101 777 176 806; x_wconf 87' lang='grc'><strong>1078</strong></span> 
     </span>
    </p>
   </div>
   <div class='ocr_carea' id='block_1_7' title="bbox 89 823 469 2888">
    <p class='ocr_par' dir='ltr' id='par_1_7' title="bbox 101 823 344 852">
     <span class='ocr_line' id='line_1_8' title="bbox 101 823 344 852; baseline 0.008 -5"><span class='ocrx_word' id='word_1_9' title='bbox 101 827 177 852; x_wconf 79' lang='grc'><strong>1080</strong></span> <span class='ocrx_word' id='word_1_10' title='bbox 224 828 270 847; x_wconf 89' lang='lat' dir='ltr'>me</span> <span class='ocrx_word' id='word_1_11' title='bbox 283 823 344 849; x_wconf 89' lang='lat' dir='ltr'>tam</span> 
     </span>
    </p>

    <p class='ocr_par' dir='ltr' id='par_1_8' title="bbox 100 873 469 958">
     <span class='ocr_line' id='line_1_9' title="bbox 100 873 319 902; baseline 0.009 -6"><span class='ocrx_word' id='word_1_12' title='bbox 100 875 113 901; x_wconf 92' lang='lat'>1</span> <span class='ocrx_word' id='word_1_13' title='bbox 118 876 155 901; x_wconf 82' lang='grc'>08</span> <span class='ocrx_word' id='word_1_14' title='bbox 160 877 173 902; x_wconf 92' lang='grc'>1</span> <span class='ocrx_word' id='word_1_15' title='bbox 224 873 319 898; x_wconf 87' lang='lat' dir='ltr'>restat</span> 
     </span>
     <span class='ocr_line' id='line_1_10' title="bbox 223 920 469 958; baseline 0.02 -12"><span class='ocrx_word' id='word_1_16' title='bbox 223 920 469 958; x_wconf 84' lang='lat' dir='ltr'>comprehendere</span> 
     </span>
    </p>

    <p class='ocr_par' dir='ltr' id='par_1_9' title="bbox 99 967 353 1047">
     <span class='ocr_line' id='line_1_11' title="bbox 99 967 353 1004; baseline -0.004 -2"><span class='ocrx_word' id='word_1_17' title='bbox 99 977 174 1004; x_wconf 80' lang='lat'>1082</span> <span class='ocrx_word' id='word_1_18' title='bbox 223 967 353 1001; x_wconf 80' lang='lat' dir='ltr'>Quorum</span> 
     </span>
     <span class='ocr_line' id='line_1_12' title="bbox 222 1021 339 1047; baseline 0.017 -2"><span class='ocrx_word' id='word_1_19' title='bbox 222 1021 339 1047; x_wconf 82' lang='lat' dir='ltr'>texture</span> 
     </span>
    </p>

    <p class='ocr_par' dir='ltr' id='par_1_10' title="bbox 98 1068 284 1103">
     <span class='ocr_line' id='line_1_13' title="bbox 98 1068 284 1103; baseline 0 -1"><span class='ocrx_word' id='word_1_20' title='bbox 98 1076 173 1103; x_wconf 82' lang='lat'>1083</span> <span class='ocrx_word' id='word_1_21' title='bbox 221 1068 284 1096; x_wconf 76' lang='lat' dir='ltr'>haec</span> 
     </span>
    </p>

    <p class='ocr_par' dir='ltr' id='par_1_11' title="bbox 97 1117 288 1152">
     <span class='ocr_line' id='line_1_14' title="bbox 97 1117 288 1152; baseline -0.005 0"><span class='ocrx_word' id='word_1_22' title='bbox 97 1126 173 1152; x_wconf 68' lang='lat'>1084</span> <span class='ocrx_word' id='word_1_23' title='bbox 221 1117 288 1147; x_wconf 85' lang='lat' dir='ltr'>haec</span> 
     </span>
    </p>

    <p class='ocr_par' dir='ltr' id='par_1_12' title="bbox 97 1167 334 1255">
     <span class='ocr_line' id='line_1_15' title="bbox 97 1167 334 1202; baseline 0.008 -6"><span class='ocrx_word' id='word_1_24' title='bbox 97 1175 171 1202; x_wconf 83' lang='lat'>1035</span> <span class='ocrx_word' id='word_1_25' title='bbox 220 1167 334 1198; x_wconf 86' lang='lat' dir='ltr'>annelis</span> 
     </span>
     <span class='ocr_line' id='line_1_16' title="bbox 220 1216 329 1255; baseline 0.018 -10"><span class='ocrx_word' id='word_1_26' title='bbox 220 1216 329 1255; x_wconf 87' lang='lat' dir='ltr'>placita</span> 
     </span>
    </p>

    <p class='ocr_par' dir='ltr' id='par_1_13' title="bbox 95 1267 356 1356">
     <span class='ocr_line' id='line_1_17' title="bbox 95 1267 351 1305; baseline 0 -5"><span class='ocrx_word' id='word_1_27' title='bbox 95 1273 170 1301; x_wconf 84' lang='lat'>1086</span> <span class='ocrx_word' id='word_1_28' title='bbox 218 1267 351 1305; x_wconf 84' lang='lat' dir='ltr'>quaedam</span> 
     </span>
     <span class='ocr_line' id='line_1_18' title="bbox 217 1317 356 1356; baseline 0.014 -11"><span class='ocrx_word' id='word_1_29' title='bbox 217 1317 356 1356; x_wconf 87' lang='lat' dir='ltr'>copulata</span> 
     </span>
    </p>

    <p class='ocr_par' dir='ltr' id='par_1_14' title="bbox 94 1365 429 1407">
     <span class='ocr_line' id='line_1_19' title="bbox 94 1365 429 1407; baseline 0.006 -13"><span class='ocrx_word' id='word_1_30' title='bbox 94 1373 168 1403; x_wconf 79' lang='lat'>1087</span> <span class='ocrx_word' id='word_1_31' title='bbox 217 1365 280 1395; x_wconf 88' lang='lat' dir='ltr'>fieri</span> <span class='ocrx_word' id='word_1_32' title='bbox 292 1366 429 1407; x_wconf 85' lang='lat' dir='ltr'>ferroque</span> 
     </span>
    </p>

    <p class='ocr_par' dir='ltr' id='par_1_15' title="bbox 93 1416 338 1594">
     <span class='ocr_line' id='line_1_20' title="bbox 93 1416 328 1454; baseline 0.009 -11"><span class='ocrx_word' id='word_1_33' title='bbox 93 1423 168 1452; x_wconf 77' lang='lat'>1089</span> <span class='ocrx_word' id='word_1_34' title='bbox 215 1416 328 1454; x_wconf 81' lang='lat' dir='ltr'>epossit</span> 
     </span>
     <span class='ocr_line' id='line_1_21' title="bbox 215 1469 330 1495; baseline 0.009 -2"><span class='ocrx_word' id='word_1_35' title='bbox 215 1469 330 1495; x_wconf 84' lang='lat' dir='ltr'>cratere</span> 
     </span>
     <span class='ocr_line' id='line_1_22' title="bbox 215 1514 323 1544; baseline 0.009 -1"><span class='ocrx_word' id='word_1_36' title='bbox 215 1514 323 1544; x_wconf 86' lang='lat' dir='ltr'>coflare</span> 
     </span>
     <span class='ocr_line' id='line_1_23' title="bbox 216 1564 338 1594; baseline 0.008 -1"><span class='ocrx_word' id='word_1_37' title='bbox 216 1564 338 1594; x_wconf 84' lang='lat' dir='ltr'>coharta</span> 
     </span>
    </p>

    <p class='ocr_par' dir='ltr' id='par_1_16' title="bbox 94 1623 320 1692">
     <span class='ocr_line' id='line_1_24' title="bbox 94 1623 282 1652; baseline 0.005 -4"><span class='ocrx_word' id='word_1_38' title='bbox 94 1623 168 1652; x_wconf 78' lang='lat'>1092</span> <span class='ocrx_word' id='word_1_39' title='bbox 217 1624 282 1652; x_wconf 78' lang='lat' dir='ltr'>quae</span> 
     </span>
     <span class='ocr_line' id='line_1_25' title="bbox 217 1662 320 1692; baseline 0.01 -1"><span class='ocrx_word' id='word_1_40' title='bbox 217 1662 320 1692; x_wconf 80' lang='lat' dir='ltr'>vitalia</span> 
     </span>
    </p>

    <p class='ocr_par' dir='ltr' id='par_1_17' title="bbox 92 1722 397 1795">
     <span class='ocr_line' id='line_1_26' title="bbox 92 1722 282 1752; baseline 0.005 -10"><span class='ocrx_word' id='word_1_41' title='bbox 92 1722 106 1747; x_wconf 90' lang='lat'>1</span> <span class='ocrx_word' id='word_1_42' title='bbox 111 1722 167 1751; x_wconf 83' lang='lat'>093</span> <span class='ocrx_word' id='word_1_43' title='bbox 216 1724 282 1752; x_wconf 86' lang='lat' dir='ltr'>quae</span> 
     </span>
     <span class='ocr_line' id='line_1_27' title="bbox 217 1769 397 1795; baseline 0.011 -3"><span class='ocrx_word' id='word_1_44' title='bbox 217 1774 337 1794; x_wconf 87' lang='lat' dir='ltr'>necesse</span> <span class='ocrx_word' id='word_1_45' title='bbox 349 1769 397 1795; x_wconf 86' lang='lat' dir='ltr'>est</span> 
     </span>
    </p>

    <p class='ocr_par' dir='ltr' id='par_1_18' title="bbox 93 1812 337 1893">
     <span class='ocr_line' id='line_1_28' title="bbox 93 1812 319 1850; baseline 0.004 -9"><span class='ocrx_word' id='word_1_46' title='bbox 93 1820 168 1850; x_wconf 76' lang='lat'>1094,</span> <span class='ocrx_word' id='word_1_47' title='bbox 218 1812 319 1842; x_wconf 90' lang='lat' dir='ltr'>Multa</span> 
     </span>
     <span class='ocr_line' id='line_1_29' title="bbox 214 1863 337 1893; baseline 0.008 -1"><span class='ocrx_word' id='word_1_48' title='bbox 214 1863 337 1893; x_wconf 83' lang='lat' dir='ltr'>cohorta</span> 
     </span>
    </p>

    <p class='ocr_par' dir='ltr' id='par_1_19' title="bbox 91 1914 420 1992">
     <span class='ocr_line' id='line_1_30' title="bbox 91 1914 420 1952; baseline 0.003 -8"><span class='ocrx_word' id='word_1_49' title='bbox 91 1919 165 1948; x_wconf 89' lang='grc'>1095</span> <span class='ocrx_word' id='word_1_50' title='bbox 213 1914 420 1952; x_wconf 77' lang='lat' dir='ltr'>perturbarunt</span> 
     </span>
     <span class='ocr_line' id='line_1_31' title="bbox 213 1962 318 1992; baseline 0.019 -2"><span class='ocrx_word' id='word_1_51' title='bbox 213 1962 318 1992; x_wconf 84' lang='lat' dir='ltr'>caelum</span> 
     </span>
    </p>

    <p class='ocr_par' dir='ltr' id='par_1_20' title="bbox 91 2013 422 2051">
     <span class='ocr_line' id='line_1_32' title="bbox 91 2013 422 2051; baseline 0.009 -11"><span class='ocrx_word' id='word_1_52' title='bbox 91 2017 165 2048; x_wconf 85' lang='lat'>1096</span> <span class='ocrx_word' id='word_1_53' title='bbox 214 2013 315 2051; x_wconf 83' lang='lat' dir='ltr'>Atque</span> <span class='ocrx_word' id='word_1_54' title='bbox 327 2023 364 2043; x_wconf 91' lang='lat' dir='ltr'>ea</span> <span class='ocrx_word' id='word_1_55' title='bbox 377 2013 422 2043; x_wconf 85' lang='lat' dir='ltr'>vis</span> 
     </span>
    </p>

    <p class='ocr_par' dir='ltr' id='par_1_21' title="bbox 91 2061 391 2202">
     <span class='ocr_line' id='line_1_33' title="bbox 91 2061 391 2097; baseline 0.003 -4"><span class='ocrx_word' id='word_1_56' title='bbox 91 2068 165 2097; x_wconf 87' lang='lat'>1097</span> <span class='ocrx_word' id='word_1_57' title='bbox 213 2061 391 2094; x_wconf 72' lang='lat' dir='ltr'>intrinsecus</span> 
     </span>
     <span class='ocr_line' id='line_1_34' title="bbox 213 2112 374 2153; baseline 0.019 -13"><span class='ocrx_word' id='word_1_58' title='bbox 213 2112 374 2153; x_wconf 89' lang='lat' dir='ltr'>nebuleque</span> 
     </span>
     <span class='ocr_line' id='line_1_35' title="bbox 213 2171 350 2202; baseline 0.015 -12"><span class='ocrx_word' id='word_1_59' title='bbox 213 2171 350 2202; x_wconf 69' lang='lat' dir='ltr'>supernae</span> 
     </span>
    </p>

    <p class='ocr_par' dir='ltr' id='par_1_22' title="bbox 91 2211 334 2291">
     <span class='ocr_line' id='line_1_36' title="bbox 91 2211 306 2247; baseline -0.009 -5"><span class='ocrx_word' id='word_1_60' title='bbox 91 2218 164 2247; x_wconf 82' lang='lat'>1008</span> <span class='ocrx_word' id='word_1_61' title='bbox 213 2211 306 2241; x_wconf 87' lang='lat' dir='ltr'>celum</span> 
     </span>
     <span class='ocr_line' id='line_1_37' title="bbox 212 2261 334 2291; baseline 0.016 -2"><span class='ocrx_word' id='word_1_62' title='bbox 212 2261 334 2291; x_wconf 85' lang='lat' dir='ltr'>cohorta</span> 
     </span>
    </p>

    <p class='ocr_par' dir='ltr' id='par_1_23' title="bbox 91 2310 360 2490">
     <span class='ocr_line' id='line_1_38' title="bbox 91 2310 262 2346; baseline 0.023 -4"><span class='ocrx_word' id='word_1_63' title='bbox 91 2316 165 2346; x_wconf 80' lang='lat'>1099</span> <span class='ocrx_word' id='word_1_64' title='bbox 214 2310 262 2339; x_wconf 83' lang='lat' dir='ltr'>ubi</span> 
     </span>
     <span class='ocr_line' id='line_1_39' title="bbox 213 2364 345 2398; baseline 0.008 -10"><span class='ocrx_word' id='word_1_65' title='bbox 213 2364 345 2398; x_wconf 84' lang='lat' dir='ltr'>putorem</span> 
     </span>
     <span class='ocr_line' id='line_1_40' title="bbox 214 2409 334 2438; baseline 0.008 -1"><span class='ocrx_word' id='word_1_66' title='bbox 214 2409 334 2438; x_wconf 86' lang='lat' dir='ltr'>humida</span> 
     </span>
     <span class='ocr_line' id='line_1_41' title="bbox 214 2464 360 2490; baseline -0.007 0"><span class='ocrx_word' id='word_1_67' title='bbox 214 2465 302 2490; x_wconf 89' lang='lat' dir='ltr'>nacta</span> <span class='ocrx_word' id='word_1_68' title='bbox 313 2464 360 2489; x_wconf 85' lang='lat' dir='ltr'>est</span> 
     </span>
    </p>

    <p class='ocr_par' dir='ltr' id='par_1_24' title="bbox 90 2509 434 2599">
     <span class='ocr_line' id='line_1_42' title="bbox 90 2509 434 2549; baseline 0.003 -11"><span class='ocrx_word' id='word_1_69' title='bbox 90 2517 102 2542; x_wconf 92' lang='lat'>1</span> <span class='ocrx_word' id='word_1_70' title='bbox 110 2517 165 2542; x_wconf 83' lang='lat'>100</span> <span class='ocrx_word' id='word_1_71' title='bbox 215 2509 434 2549; x_wconf 84' lang='lat' dir='ltr'>Intempestivis</span> 
     </span>
     <span class='ocr_line' id='line_1_43' title="bbox 213 2559 366 2599; baseline 0.007 -11"><span class='ocrx_word' id='word_1_72' title='bbox 213 2559 366 2599; x_wconf 82' lang='lat' dir='ltr'>fluviisque</span> 
     </span>
    </p>

    <p class='ocr_par' dir='ltr' id='par_1_25' title="bbox 90 2610 277 2641">
     <span class='ocr_line' id='line_1_44' title="bbox 90 2610 277 2641; baseline -0.005 -1"><span class='ocrx_word' id='word_1_73' title='bbox 90 2615 102 2640; x_wconf 92' lang='lat' dir='ltr'>l</span> <span class='ocrx_word' id='word_1_74' title='bbox 110 2615 161 2641; x_wconf 93' lang='grc'>101</span> <span class='ocrx_word' id='word_1_75' title='bbox 212 2610 277 2639; x_wconf 84' lang='lat' dir='ltr'>caeli</span> 
     </span>
    </p>

    <p class='ocr_par' dir='ltr' id='par_1_26' title="bbox 89 2658 367 2699">
     <span class='ocr_line' id='line_1_45' title="bbox 89 2658 367 2699; baseline -0.007 -9"><span class='ocrx_word' id='word_1_76' title='bbox 89 2665 103 2690; x_wconf 95' lang='lat' dir='ltr'>l</span> <span class='ocrx_word' id='word_1_77' title='bbox 109 2665 164 2691; x_wconf 72' lang='lat'>102</span> <span class='ocrx_word' id='word_1_78' title='bbox 213 2660 287 2689; x_wconf 88' lang='lat' dir='ltr'>Tem</span> <span class='ocrx_word' id='word_1_79' title='bbox 290 2658 367 2699; x_wconf 80' lang='lat' dir='ltr'>ptari</span> 
     </span>
    </p>

    <p class='ocr_par' dir='ltr' id='par_1_27' title="bbox 89 2714 352 2837">
     <span class='ocr_line' id='line_1_46' title="bbox 89 2714 231 2740; baseline -0.014 0"><span class='ocrx_word' id='word_1_80' title='bbox 89 2714 103 2740; x_wconf 96' lang='lat' dir='ltr'>l</span> <span class='ocrx_word' id='word_1_81' title='bbox 108 2714 164 2740; x_wconf 83' lang='lat'>103</span> <span class='ocrx_word' id='word_1_82' title='bbox 212 2720 231 2738; x_wconf 89' lang='lat' dir='ltr'>a</span> 
     </span>
     <span class='ocr_line' id='line_1_47' title="bbox 211 2758 352 2798; baseline 0.007 -11"><span class='ocrx_word' id='word_1_83' title='bbox 211 2758 352 2798; x_wconf 85' lang='lat' dir='ltr'>discrepit</span> 
     </span>
     <span class='ocr_line' id='line_1_48' title="bbox 212 2818 298 2837; baseline 0 0"><span class='ocrx_word' id='word_1_84' title='bbox 212 2818 298 2837; x_wconf 86' lang='lat' dir='ltr'>acres</span> 
     </span>
    </p>

    <p class='ocr_par' dir='ltr' id='par_1_28' title="bbox 91 2856 355 2888">
     <span class='ocr_line' id='line_1_49' title="bbox 91 2856 355 2888; baseline 0.004 -2"><span class='ocrx_word' id='word_1_85' title='bbox 91 2860 105 2886; x_wconf 91' lang='lat'>1</span> <span class='ocrx_word' id='word_1_86' title='bbox 110 2860 165 2888; x_wconf 83' lang='lat'>104</span> <span class='ocrx_word' id='word_1_87' title='bbox 212 2856 355 2887; x_wconf 72' lang='lat' dir='ltr'>britannis</span> 
     </span>
    </p>
   </div>
   <div class='ocr_carea' id='block_1_8' title="bbox 192 468 212 498">
    <p class='ocr_par' dir='ltr' id='par_1_29' title="bbox 192 468 212 498">
     <span class='ocr_line' id='line_1_50' title="bbox 192 468 212 498; baseline 0 2816"><span class='ocrx_word' id='word_1_88' title='bbox 192 468 212 498; x_wconf 95' lang='lat' dir='ltr'> </span> 
     </span>
    </p>
   </div>
   <div class='ocr_carea' id='block_1_9' title="bbox 194 977 200 1116">
    <p class='ocr_par' dir='ltr' id='par_1_30' title="bbox 194 977 200 1116">
     <span class='ocr_line' id='line_1_51' title="bbox 194 977 200 1116; baseline 0 2198"><span class='ocrx_word' id='word_1_89' title='bbox 194 977 200 1116; x_wconf 95' lang='lat' dir='ltr'> </span> 
     </span>
    </p>
   </div>
   <div class='ocr_carea' id='block_1_10' title="bbox 193 389 496 468">
    <p class='ocr_par' dir='ltr' id='par_1_31' title="bbox 193 389 496 468">
     <span class='ocr_line' id='line_1_52' title="bbox 193 389 496 468; baseline 0 -41"><span class='ocrx_word' id='word_1_90' title='bbox 193 389 496 468; x_wconf 95' lang='lat' dir='ltr'>   </span> 
     </span>
    </p>
   </div>
   <div class='ocr_carea' id='block_1_11' title="bbox 244 465 444 488">
    <p class='ocr_par' dir='ltr' id='par_1_32' title="bbox 244 465 444 488">
     <span class='ocr_line' id='line_1_53' title="bbox 244 465 444 488; baseline 0.005 -1"><span class='ocrx_word' id='word_1_91' title='bbox 244 465 444 488; x_wconf 71' lang='lat' dir='ltr'><strong>PERRANDUS.</strong></span> 
     </span>
    </p>
   </div>
   <div class='ocr_carea' id='block_1_12' title="bbox 192 498 560 522">
    <p class='ocr_par' dir='ltr' id='par_1_33' title="bbox 192 498 560 522">
     <span class='ocr_line' id='line_1_54' title="bbox 192 498 560 522; baseline 0 2792"><span class='ocrx_word' id='word_1_92' title='bbox 192 498 560 522; x_wconf 95' lang='lat' dir='ltr'> </span> 
     </span>
    </p>
   </div>
   <div class='ocr_carea' id='block_1_13' title="bbox 279 590 410 620">
    <p class='ocr_par' dir='ltr' id='par_1_34' title="bbox 279 590 410 620">
     <span class='ocr_line' id='line_1_55' title="bbox 279 590 410 620; baseline 0.015 -2"><span class='ocrx_word' id='word_1_93' title='bbox 279 590 410 620; x_wconf 69' lang='lat' dir='ltr'><em>Ban&#39;ae.</em></span> 
     </span>
    </p>
   </div>
   <div class='ocr_carea' id='block_1_14' title="bbox 242 677 429 709">
    <p class='ocr_par' dir='ltr' id='par_1_35' title="bbox 242 677 429 709">
     <span class='ocr_line' id='line_1_56' title="bbox 242 677 429 709; baseline 0.016 -3"><span class='ocrx_word' id='word_1_94' title='bbox 242 677 316 707; x_wconf 78' lang='lat' dir='ltr'>Sine</span> <span class='ocrx_word' id='word_1_95' title='bbox 328 679 429 709; x_wconf 86' lang='lat' dir='ltr'>Anno.</span> 
     </span>
    </p>
   </div>
   <div class='ocr_carea' id='block_1_15' title="bbox 225 767 333 798">
    <p class='ocr_par' dir='ltr' id='par_1_36' title="bbox 225 767 333 798">
     <span class='ocr_line' id='line_1_57' title="bbox 225 767 333 798; baseline 0.009 -1"><span class='ocrx_word' id='word_1_96' title='bbox 225 767 333 798; x_wconf 85' lang='lat' dir='ltr'>Cetera</span> 
     </span>
    </p>
   </div>
   <div class='ocr_carea' id='block_1_16' title="bbox 211 2905 314 2936">
    <p class='ocr_par' dir='ltr' id='par_1_37' title="bbox 211 2905 314 2936">
     <span class='ocr_line' id='line_1_58' title="bbox 211 2905 314 2936; baseline 0.01 -1"><span class='ocrx_word' id='word_1_97' title='bbox 211 2905 314 2936; x_wconf 86' lang='lat' dir='ltr'>caelum</span> 
     </span>
    </p>
   </div>
   <div class='ocr_carea' id='block_1_17' title="bbox 191 661 493 752">
    <p class='ocr_par' dir='ltr' id='par_1_38' title="bbox 191 661 493 752">
     <span class='ocr_line' id='line_1_59' title="bbox 191 661 493 752; baseline 0 -27"><span class='ocrx_word' id='word_1_98' title='bbox 191 661 493 752; x_wconf 95' lang='lat' dir='ltr'>   </span> 
     </span>
    </p>
   </div>
   <div class='ocr_carea' id='block_1_18' title="bbox 560 492 696 512">
    <p class='ocr_par' dir='ltr' id='par_1_39' title="bbox 560 492 696 512">
     <span class='ocr_line' id='line_1_60' title="bbox 560 492 696 512; baseline 0.007 -1"><span class='ocrx_word' id='word_1_99' title='bbox 560 492 696 512; x_wconf 73' lang='lat' dir='ltr'>PERGER.</span> 
     </span>
    </p>
   </div>
   <div class='ocr_carea' id='block_1_19' title="bbox 400 575 771 635">
    <p class='ocr_par' dir='ltr' id='par_1_40' title="bbox 400 575 771 635">
     <span class='ocr_line' id='line_1_61' title="bbox 400 575 771 635; baseline 0 -56"><span class='ocrx_word' id='word_1_100' title='bbox 400 575 771 635; x_wconf 95' lang='lat' dir='ltr'>  </span> 
     </span>
    </p>
   </div>
   <div class='ocr_carea' id='block_1_20' title="bbox 564 594 693 716">
    <p class='ocr_par' dir='ltr' id='par_1_41' title="bbox 564 594 693 716">
     <span class='ocr_line' id='line_1_62' title="bbox 564 594 693 626; baseline 0.016 -4"><span class='ocrx_word' id='word_1_101' title='bbox 564 594 693 626; x_wconf 70' lang='lat' dir='ltr'>Ver-once.</span> 
     </span>
     <span class='ocr_line' id='line_1_63' title="bbox 588 686 669 716; baseline 0.037 -3"><span class='ocrx_word' id='word_1_102' title='bbox 588 686 669 716; x_wconf 84' lang='lat'>1486.</span> 
     </span>
    </p>
   </div>
   <div class='ocr_carea' id='block_1_21' title="bbox 506 772 627 902">
    <p class='ocr_par' dir='ltr' id='par_1_42' title="bbox 506 772 627 902">
     <span class='ocr_line' id='line_1_64' title="bbox 508 772 627 803; baseline 0.017 -2"><span class='ocrx_word' id='word_1_103' title='bbox 508 772 627 803; x_wconf 87' lang='lat' dir='ltr'>Caetera</span> 
     </span>
     <span class='ocr_line' id='line_1_65' title="bbox 507 826 616 851; baseline 0.009 -1"><span class='ocrx_word' id='word_1_104' title='bbox 507 826 616 851; x_wconf 89' lang='lat' dir='ltr'>metam</span> 
     </span>
     <span class='ocr_line' id='line_1_66' title="bbox 506 876 603 902; baseline 0.021 -2"><span class='ocrx_word' id='word_1_105' title='bbox 506 876 603 902; x_wconf 86' lang='lat' dir='ltr'>restat</span> 
     </span>
    </p>
   </div>
   <div class='ocr_carea' id='block_1_22' title="bbox 506 922 752 962">
    <p class='ocr_par' dir='ltr' id='par_1_43' title="bbox 506 922 752 962">
     <span class='ocr_line' id='line_1_67' title="bbox 506 922 752 962; baseline 0.012 -12"><span class='ocrx_word' id='word_1_106' title='bbox 506 922 752 962; x_wconf 83' lang='lat' dir='ltr'>comprehendere</span> 
     </span>
    </p>
   </div>
   <div class='ocr_carea' id='block_1_23' title="bbox 505 970 653 1005">
    <p class='ocr_par' dir='ltr' id='par_1_44' title="bbox 505 970 653 1005">
     <span class='ocr_line' id='line_1_68' title="bbox 505 970 653 1005; baseline 0.007 -5"><span class='ocrx_word' id='word_1_107' title='bbox 505 970 593 1005; x_wconf 84' lang='lat' dir='ltr'>Quod</span> <span class='ocrx_word' id='word_1_108' title='bbox 646 979 653 986; x_wconf 88' lang='lat'>·</span> 
     </span>
    </p>
   </div>
   <div class='ocr_carea' id='block_1_24' title="bbox 497 1168 713 2935">
    <p class='ocr_par' dir='ltr' id='par_1_45' title="bbox 499 1168 662 1652">
     <span class='ocr_line' id='line_1_69' title="bbox 503 1168 608 1199; baseline 0.019 -2"><span class='ocrx_word' id='word_1_109' title='bbox 503 1168 608 1199; x_wconf 88' lang='lat' dir='ltr'>anellis</span> 
     </span>
     <span class='ocr_line' id='line_1_70' title="bbox 503 1218 614 1257; baseline 0.009 -10"><span class='ocrx_word' id='word_1_110' title='bbox 503 1218 614 1257; x_wconf 88' lang='lat' dir='ltr'>placita</span> 
     </span>
     <span class='ocr_line' id='line_1_71' title="bbox 504 1268 629 1306; baseline 0.016 -10"><span class='ocrx_word' id='word_1_111' title='bbox 504 1268 629 1306; x_wconf 88' lang='lat' dir='ltr'>quedam</span> 
     </span>
     <span class='ocr_line' id='line_1_72' title="bbox 504 1317 642 1356; baseline 0.022 -11"><span class='ocrx_word' id='word_1_112' title='bbox 504 1317 642 1356; x_wconf 83' lang='lat' dir='ltr'>copulata</span> 
     </span>
     <span class='ocr_line' id='line_1_73' title="bbox 501 1365 662 1397; baseline 0.019 -3"><span class='ocrx_word' id='word_1_113' title='bbox 501 1365 579 1396; x_wconf 85' lang='lat' dir='ltr'>ferro</span> <span class='ocrx_word' id='word_1_114' title='bbox 592 1367 662 1397; x_wconf 87' lang='lat' dir='ltr'>ferri</span> 
     </span>
     <span class='ocr_line' id='line_1_74' title="bbox 500 1415 596 1454; baseline 0.01 -10"><span class='ocrx_word' id='word_1_115' title='bbox 500 1415 596 1454; x_wconf 86' lang='lat' dir='ltr'><strong>possit</strong></span> 
     </span>
     <span class='ocr_line' id='line_1_75' title="bbox 499 1474 601 1493; baseline 0 0"><span class='ocrx_word' id='word_1_116' title='bbox 499 1474 601 1493; x_wconf 89' lang='lat' dir='ltr'>creare</span> 
     </span>
     <span class='ocr_line' id='line_1_76' title="bbox 500 1513 626 1543; baseline 0.008 -1"><span class='ocrx_word' id='word_1_117' title='bbox 500 1513 626 1543; x_wconf 89' lang='lat' dir='ltr'>conflare</span> 
     </span>
     <span class='ocr_line' id='line_1_77' title="bbox 501 1568 604 1593; baseline 0 0"><span class='ocrx_word' id='word_1_118' title='bbox 501 1568 604 1593; x_wconf 84' lang='lat' dir='ltr'>coarta</span> 
     </span>
     <span class='ocr_line' id='line_1_78' title="bbox 502 1624 559 1652; baseline 0 -10"><span class='ocrx_word' id='word_1_119' title='bbox 502 1624 559 1652; x_wconf 91' lang='lat' dir='ltr'>que</span> 
     </span>
    </p>

    <p class='ocr_par' dir='ltr' id='par_1_46' title="bbox 497 1661 708 2289">
     <span class='ocr_line' id='line_1_79' title="bbox 502 1661 608 1691; baseline 0.009 -1"><span class='ocrx_word' id='word_1_120' title='bbox 502 1665 536 1690; x_wconf 91' lang='lat' dir='ltr'>ut</span> <span class='ocrx_word' id='word_1_121' title='bbox 548 1661 608 1691; x_wconf 85' lang='lat' dir='ltr'>alia</span> 
     </span>
     <span class='ocr_line' id='line_1_80' title="bbox 501 1720 558 1749; baseline 0 -10"><span class='ocrx_word' id='word_1_122' title='bbox 501 1720 558 1749; x_wconf 88' lang='lat' dir='ltr'>que</span> 
     </span>
     <span class='ocr_line' id='line_1_81' title="bbox 502 1766 653 1791; baseline 0.02 -3"><span class='ocrx_word' id='word_1_123' title='bbox 502 1766 653 1791; x_wconf 82' lang='lat' dir='ltr'>necessest</span> 
     </span>
     <span class='ocr_line' id='line_1_82' title="bbox 503 1809 599 1839; baseline 0.01 -1"><span class='ocrx_word' id='word_1_124' title='bbox 503 1809 599 1839; x_wconf 85' lang='lat' dir='ltr'>Nulta</span> 
     </span>
     <span class='ocr_line' id='line_1_83' title="bbox 501 1865 602 1890; baseline 0 0"><span class='ocrx_word' id='word_1_125' title='bbox 501 1865 602 1890; x_wconf 87' lang='lat' dir='ltr'>coarta</span> 
     </span>
     <span class='ocr_line' id='line_1_84' title="bbox 500 1910 708 1950; baseline 0 -10"><span class='ocrx_word' id='word_1_126' title='bbox 500 1910 708 1950; x_wconf 84' lang='lat' dir='ltr'>perturbarunt</span> 
     </span>
     <span class='ocr_line' id='line_1_85' title="bbox 499 1960 601 1990; baseline 0 -1"><span class='ocrx_word' id='word_1_127' title='bbox 499 1960 601 1990; x_wconf 84' lang='lat' dir='ltr'>caelum</span> 
     </span>
     <span class='ocr_line' id='line_1_86' title="bbox 498 2009 656 2039; baseline 0 0"><span class='ocrx_word' id='word_1_128' title='bbox 498 2011 578 2039; x_wconf 82' lang='lat' dir='ltr'>Atus</span> <span class='ocrx_word' id='word_1_129' title='bbox 591 2009 656 2039; x_wconf 77' lang='lat' dir='ltr'>anis</span> 
     </span>
     <span class='ocr_line' id='line_1_87' title="bbox 498 2059 678 2089; baseline 0.006 -1"><span class='ocrx_word' id='word_1_130' title='bbox 498 2059 579 2089; x_wconf 86' lang='lat' dir='ltr'>intus</span> <span class='ocrx_word' id='word_1_131' title='bbox 593 2069 678 2089; x_wconf 90' lang='lat' dir='ltr'>secus</span> 
     </span>
     <span class='ocr_line' id='line_1_88' title="bbox 498 2109 669 2149; baseline -0.006 -10"><span class='ocrx_word' id='word_1_132' title='bbox 498 2109 669 2149; x_wconf 86' lang='lat' dir='ltr'>nebulaeque</span> 
     </span>
     <span class='ocr_line' id='line_1_89' title="bbox 497 2170 623 2199; baseline -0.008 -10"><span class='ocrx_word' id='word_1_133' title='bbox 497 2170 623 2199; x_wconf 87' lang='lat' dir='ltr'>superne</span> 
     </span>
     <span class='ocr_line' id='line_1_90' title="bbox 498 2209 603 2238; baseline 0 0"><span class='ocrx_word' id='word_1_134' title='bbox 498 2209 603 2238; x_wconf 90' lang='lat' dir='ltr'>caelum</span> 
     </span>
     <span class='ocr_line' id='line_1_91' title="bbox 497 2264 599 2289; baseline 0 -1"><span class='ocrx_word' id='word_1_135' title='bbox 497 2264 599 2289; x_wconf 87' lang='lat' dir='ltr'>coarta</span> 
     </span>
    </p>

    <p class='ocr_par' dir='ltr' id='par_1_47' title="bbox 497 2308 713 2935">
     <span class='ocr_line' id='line_1_92' title="bbox 498 2308 539 2337; baseline -0.024 0"><span class='ocrx_word' id='word_1_136' title='bbox 498 2308 539 2337; x_wconf 92' lang='lat' dir='ltr'>ibi</span> 
     </span>
     <span class='ocr_line' id='line_1_93' title="bbox 498 2364 631 2399; baseline -0.008 -10"><span class='ocrx_word' id='word_1_137' title='bbox 498 2364 631 2399; x_wconf 89' lang='lat' dir='ltr'>putorem</span> 
     </span>
     <span class='ocr_line' id='line_1_94' title="bbox 498 2409 607 2437; baseline 0 0"><span class='ocrx_word' id='word_1_138' title='bbox 498 2409 607 2437; x_wconf 88' lang='lat' dir='ltr'>munda</span> 
     </span>
     <span class='ocr_line' id='line_1_95' title="bbox 499 2462 645 2487; baseline 0.007 -1"><span class='ocrx_word' id='word_1_139' title='bbox 499 2462 586 2487; x_wconf 81' lang='lat' dir='ltr'>nacta</span> <span class='ocrx_word' id='word_1_140' title='bbox 597 2463 645 2487; x_wconf 83' lang='lat' dir='ltr'>est</span> 
     </span>
     <span class='ocr_line' id='line_1_96' title="bbox 499 2507 713 2547; baseline 0 -11"><span class='ocrx_word' id='word_1_141' title='bbox 499 2508 577 2537; x_wconf 85' lang='lat' dir='ltr'>Item</span> <span class='ocrx_word' id='word_1_142' title='bbox 589 2507 713 2547; x_wconf 78' lang='lat' dir='ltr'>pestivis</span> 
     </span>
     <span class='ocr_line' id='line_1_97' title="bbox 498 2556 665 2596; baseline 0.006 -11"><span class='ocrx_word' id='word_1_143' title='bbox 498 2556 593 2586; x_wconf 82' lang='lat' dir='ltr'>fluviis</span> <span class='ocrx_word' id='word_1_144' title='bbox 607 2567 665 2596; x_wconf 89' lang='lat' dir='ltr'>que</span> 
     </span>
     <span class='ocr_line' id='line_1_98' title="bbox 498 2605 562 2635; baseline -0.016 0"><span class='ocrx_word' id='word_1_145' title='bbox 498 2605 562 2635; x_wconf 78' lang='lat' dir='ltr'>caelj</span> 
     </span>
     <span class='ocr_line' id='line_1_99' title="bbox 499 2654 653 2694; baseline 0 -10"><span class='ocrx_word' id='word_1_146' title='bbox 499 2654 653 2694; x_wconf 88' lang='lat' dir='ltr'>Temptari</span> 
     </span>
     <span class='ocr_line' id='line_1_100' title="bbox 497 2714 516 2732; baseline 0 0"><span class='ocrx_word' id='word_1_147' title='bbox 497 2714 516 2732; x_wconf 89' lang='lat' dir='ltr'>a</span> 
     </span>
     <span class='ocr_line' id='line_1_101' title="bbox 497 2754 640 2794; baseline 0 -11"><span class='ocrx_word' id='word_1_148' title='bbox 497 2754 640 2794; x_wconf 83' lang='lat' dir='ltr'>discrepit</span> 
     </span>
     <span class='ocr_line' id='line_1_102' title="bbox 498 2814 580 2834; baseline -0.012 0"><span class='ocrx_word' id='word_1_149' title='bbox 498 2814 580 2834; x_wconf 79' lang='lat' dir='ltr'>acres</span> 
     </span>
     <span class='ocr_line' id='line_1_103' title="bbox 497 2854 642 2884; baseline 0 -1"><span class='ocrx_word' id='word_1_150' title='bbox 497 2854 642 2884; x_wconf 85' lang='lat' dir='ltr'>britannis</span> 
     </span>
     <span class='ocr_line' id='line_1_104' title="bbox 498 2904 600 2935; baseline 0 -1"><span class='ocrx_word' id='word_1_151' title='bbox 498 2904 600 2935; x_wconf 79' lang='lat' dir='ltr'>caelum</span> 
     </span>
    </p>
   </div>
   <div class='ocr_carea' id='block_1_25' title="bbox 191 522 771 725">
    <p class='ocr_par' dir='ltr' id='par_1_48' title="bbox 191 522 771 725">
     <span class='ocr_line' id='line_1_105' title="bbox 191 522 771 661; baseline 0 -26"><span class='ocrx_word' id='word_1_152' title='bbox 191 522 771 661; x_wconf 95' lang='lat' dir='ltr'>   </span> 
     </span>
     <span class='ocr_line' id='line_1_106' title="bbox 191 661 242 725; baseline 0 2589"><span class='ocrx_word' id='word_1_153' title='bbox 191 661 242 725; x_wconf 95' lang='lat' dir='ltr'> </span> 
     </span>
    </p>
   </div>
   <div class='ocr_carea' id='block_1_26' title="bbox 686 579 771 635">
    <p class='ocr_par' dir='ltr' id='par_1_49' title="bbox 686 579 771 635">
     <span class='ocr_line' id='line_1_107' title="bbox 686 579 771 635; baseline 0 2679"><span class='ocrx_word' id='word_1_154' title='bbox 686 579 771 635; x_wconf 95' lang='lat' dir='ltr'> </span> 
     </span>
    </p>
   </div>
   <div class='ocr_carea' id='block_1_27' title="bbox 496 437 1037 458">
    <p class='ocr_par' dir='ltr' id='par_1_50' title="bbox 496 437 1037 458">
     <span class='ocr_line' id='line_1_108' title="bbox 496 437 1037 458; baseline 0.004 -3"><span class='ocrx_word' id='word_1_155' title='bbox 496 437 616 457; x_wconf 72' lang='lat' dir='ltr'>rAULUs</span> <span class='ocrx_word' id='word_1_156' title='bbox 628 438 764 458; x_wconf 65' lang='lat' dir='ltr'>numm·</span> <span class='ocrx_word' id='word_1_157' title='bbox 789 437 981 458; x_wconf 70' lang='lat' dir='ltr'>Tfltonomss</span> <span class='ocrx_word' id='word_1_158' title='bbox 995 438 1037 457; x_wconf 85' lang='lat' dir='ltr'>DE</span> 
     </span>
    </p>
   </div>
   <div class='ocr_carea' id='block_1_28' title="bbox 774 390 1617 753">
    <p class='ocr_par' dir='ltr' id='par_1_51' title="bbox 774 390 1617 753">
     <span class='ocr_line' id='line_1_109' title="bbox 1049 390 1064 427; baseline 0 2887"><span class='ocrx_word' id='word_1_159' title='bbox 1049 390 1064 427; x_wconf 95' lang='lat' dir='ltr'> </span> 
     </span>
     <span class='ocr_line' id='line_1_110' title="bbox 774 427 1064 552; baseline 0 -31"><span class='ocrx_word' id='word_1_160' title='bbox 774 427 1064 552; x_wconf 95' lang='lat' dir='ltr'>     </span> 
     </span>
     <span class='ocr_line' id='line_1_111' title="bbox 774 579 1617 753; baseline 0 -117"><span class='ocrx_word' id='word_1_161' title='bbox 774 579 843 636; x_wconf 95' lang='lat' dir='ltr'> </span> <span class='ocrx_word' id='word_1_162' title='bbox 974 579 1617 753; x_wconf 95' lang='lat' dir='ltr'>      </span> 
     </span>
    </p>
   </div>
   <div class='ocr_carea' id='block_1_29' title="bbox 1374 415 1589 436">
    <p class='ocr_par' dir='ltr' id='par_1_52' title="bbox 1374 415 1589 436">
     <span class='ocr_line' id='line_1_112' title="bbox 1374 415 1589 436; baseline 0.014 -3"><span class='ocrx_word' id='word_1_163' title='bbox 1374 415 1416 433; x_wconf 78' lang='lat' dir='ltr'>Ex</span> <span class='ocrx_word' id='word_1_164' title='bbox 1425 415 1589 436; x_wconf 69' lang='lat' dir='ltr'>TYPOGEA-</span> 
     </span>
    </p>
   </div>
   <div class='ocr_carea' id='block_1_30' title="bbox 1620 404 1627 508">
    <p class='ocr_par' dir='ltr' id='par_1_53' title="bbox 1620 404 1627 508">
     <span class='ocr_line' id='line_1_113' title="bbox 1620 404 1627 508; baseline 0 0"><span class='ocrx_word' id='word_1_165' title='bbox 1620 404 1627 508; x_wconf 95' lang='lat' dir='ltr'> </span> 
     </span>
    </p>
   </div>
   <div class='ocr_carea' id='block_1_31' title="bbox 1350 563 1472 568">
    <p class='ocr_par' dir='ltr' id='par_1_54' title="bbox 1350 563 1472 568">
     <span class='ocr_line' id='line_1_114' title="bbox 1350 563 1472 568; baseline 0 0"><span class='ocrx_word' id='word_1_166' title='bbox 1350 563 1472 568; x_wconf 95' lang='lat' dir='ltr'> </span> 
     </span>
    </p>
   </div>
   <div class='ocr_carea' id='block_1_32' title="bbox 1473 564 1612 572">
    <p class='ocr_par' dir='ltr' id='par_1_55' title="bbox 1473 564 1612 572">
     <span class='ocr_line' id='line_1_115' title="bbox 1473 564 1612 572; baseline 0 0"><span class='ocrx_word' id='word_1_167' title='bbox 1473 564 1612 572; x_wconf 95' lang='lat' dir='ltr'> </span> 
     </span>
    </p>
   </div>
   <div class='ocr_carea' id='block_1_33' title="bbox 1165 566 1332 572">
    <p class='ocr_par' dir='ltr' id='par_1_56' title="bbox 1165 566 1332 572">
     <span class='ocr_line' id='line_1_116' title="bbox 1165 566 1332 572; baseline 0 0"><span class='ocrx_word' id='word_1_168' title='bbox 1165 566 1332 572; x_wconf 95' lang='lat' dir='ltr'> </span> 
     </span>
    </p>
   </div>
   <div class='ocr_carea' id='block_1_34' title="bbox 1326 753 1627 1018">
    <p class='ocr_par' dir='ltr' id='par_1_57' title="bbox 1326 753 1627 1018">
     <span class='ocr_line' id='line_1_117' title="bbox 1612 753 1617 815; baseline 0 -1"><span class='ocrx_word' id='word_1_169' title='bbox 1612 753 1617 815; x_wconf 95' lang='lat' dir='ltr'>   </span> 
     </span>
     <span class='ocr_line' id='line_1_118' title="bbox 1327 815 1627 927; baseline 0.02 -70"><span class='ocrx_word' id='word_1_170' title='bbox 1327 900 1341 927; x_wconf 95' lang='lat' dir='ltr'> </span> <span class='ocrx_word' id='word_1_171' title='bbox 1610 815 1627 900; x_wconf 95' lang='lat' dir='ltr'>     </span> 
     </span>
     <span class='ocr_line' id='line_1_119' title="bbox 1326 927 1340 1018; baseline 0 -40"><span class='ocrx_word' id='word_1_172' title='bbox 1326 927 1340 1018; x_wconf 95' lang='lat' dir='ltr'>   </span> 
     </span>
    </p>
   </div>
   <div class='ocr_carea' id='block_1_35' title="bbox 1033 755 1343 1109">
    <p class='ocr_par' dir='ltr' id='par_1_58' title="bbox 1033 755 1343 1109">
     <span class='ocr_line' id='line_1_120' title="bbox 1044 755 1343 899; baseline -0.007 -84"><span class='ocrx_word' id='word_1_173' title='bbox 1044 755 1061 899; x_wconf 95' lang='lat' dir='ltr'>    </span> <span class='ocrx_word' id='word_1_174' title='bbox 1329 755 1343 813; x_wconf 95' lang='lat' dir='ltr'> </span> 
     </span>
     <span class='ocr_line' id='line_1_121' title="bbox 1044 899 1061 927; baseline 0 2387"><span class='ocrx_word' id='word_1_175' title='bbox 1044 899 1061 927; x_wconf 95' lang='lat' dir='ltr'> </span> 
     </span>
     <span class='ocr_line' id='line_1_122' title="bbox 1033 927 1058 1062; baseline 0 -41"><span class='ocrx_word' id='word_1_176' title='bbox 1033 927 1058 1062; x_wconf 95' lang='lat' dir='ltr'>    </span> 
     </span>
     <span class='ocr_line' id='line_1_123' title="bbox 1033 1062 1340 1109; baseline 0 2205"><span class='ocrx_word' id='word_1_177' title='bbox 1033 1062 1340 1109; x_wconf 95' lang='lat' dir='ltr'> </span> 
     </span>
    </p>
   </div>
   <div class='ocr_carea' id='block_1_36' title="bbox 1325 813 1627 1062">
    <p class='ocr_par' dir='ltr' id='par_1_59' title="bbox 1325 813 1627 1062">
     <span class='ocr_line' id='line_1_124' title="bbox 1327 813 1627 927; baseline 0 -28"><span class='ocrx_word' id='word_1_178' title='bbox 1327 813 1343 900; x_wconf 95' lang='lat' dir='ltr'>      </span> <span class='ocrx_word' id='word_1_179' title='bbox 1610 900 1627 927; x_wconf 95' lang='lat' dir='ltr'> </span> 
     </span>
     <span class='ocr_line' id='line_1_125' title="bbox 1325 927 1627 1062; baseline 0 -43"><span class='ocrx_word' id='word_1_180' title='bbox 1325 1060 1340 1062; x_wconf 95' lang='lat' dir='ltr'> </span> <span class='ocrx_word' id='word_1_181' title='bbox 1607 927 1627 1060; x_wconf 95' lang='lat' dir='ltr'>     </span> 
     </span>
    </p>
   </div>
   <div class='ocr_carea' id='block_1_37' title="bbox 1325 1018 1624 1323">
    <p class='ocr_par' dir='ltr' id='par_1_60' title="bbox 1325 1018 1624 1323">
     <span class='ocr_line' id='line_1_126' title="bbox 1325 1018 1624 1109; baseline 0.007 -49"><span class='ocrx_word' id='word_1_182' title='bbox 1325 1018 1340 1060; x_wconf 95' lang='lat' dir='ltr'>  </span> <span class='ocrx_word' id='word_1_183' title='bbox 1607 1060 1624 1109; x_wconf 95' lang='lat' dir='ltr'>  </span> 
     </span>
     <span class='ocr_line' id='line_1_127' title="bbox 1607 1109 1623 1212; baseline 0 0"><span class='ocrx_word' id='word_1_184' title='bbox 1607 1109 1623 1212; x_wconf 95' lang='lat' dir='ltr'>  </span> 
     </span>
     <span class='ocr_line' id='line_1_128' title="bbox 1606 1212 1623 1323; baseline -0.059 -47"><span class='ocrx_word' id='word_1_185' title='bbox 1606 1212 1623 1323; x_wconf 95' lang='lat' dir='ltr'>   </span> 
     </span>
    </p>
   </div>
   <div class='ocr_carea' id='block_1_38' title="bbox 1033 1109 1339 1607">
    <p class='ocr_par' dir='ltr' id='par_1_61' title="bbox 1033 1109 1339 1607">
     <span class='ocr_line' id='line_1_129' title="bbox 1033 1109 1339 1159; baseline 0 0"><span class='ocrx_word' id='word_1_186' title='bbox 1033 1109 1339 1159; x_wconf 95' lang='lat' dir='ltr'>  </span> 
     </span>
     <span class='ocr_line' id='line_1_130' title="bbox 1033 1159 1058 1325; baseline 0 -113"><span class='ocrx_word' id='word_1_187' title='bbox 1033 1159 1058 1325; x_wconf 95' lang='lat' dir='ltr'>   </span> 
     </span>
     <span class='ocr_line' id='line_1_131' title="bbox 1033 1325 1058 1376; baseline 0 1938"><span class='ocrx_word' id='word_1_188' title='bbox 1033 1325 1058 1376; x_wconf 95' lang='lat' dir='ltr'> </span> 
     </span>
     <span class='ocr_line' id='line_1_132' title="bbox 1033 1376 1058 1510; baseline 0 -40"><span class='ocrx_word' id='word_1_189' title='bbox 1033 1376 1058 1510; x_wconf 95' lang='lat' dir='ltr'>    </span> 
     </span>
     <span class='ocr_line' id='line_1_133' title="bbox 1033 1510 1058 1607; baseline 0 -47"><span class='ocrx_word' id='word_1_190' title='bbox 1033 1510 1058 1607; x_wconf 95' lang='lat' dir='ltr'>  </span> 
     </span>
    </p>
   </div>
   <div class='ocr_carea' id='block_1_39' title="bbox 1323 1159 1338 1375">
    <p class='ocr_par' dir='ltr' id='par_1_62' title="bbox 1323 1159 1338 1375">
     <span class='ocr_line' id='line_1_134' title="bbox 1324 1159 1338 1276; baseline -0.071 0"><span class='ocrx_word' id='word_1_191' title='bbox 1324 1159 1338 1276; x_wconf 95' lang='lat' dir='ltr'>   </span> 
     </span>
     <span class='ocr_line' id='line_1_135' title="bbox 1323 1276 1337 1375; baseline -0.143 -50"><span class='ocrx_word' id='word_1_192' title='bbox 1323 1276 1337 1375; x_wconf 95' lang='lat' dir='ltr'>   </span> 
     </span>
    </p>
   </div>
   <div class='ocr_carea' id='block_1_40' title="bbox 1033 1323 1620 1611">
    <p class='ocr_par' dir='ltr' id='par_1_63' title="bbox 1033 1323 1620 1611">
     <span class='ocr_line' id='line_1_136' title="bbox 1605 1323 1620 1376; baseline 0 -51"><span class='ocrx_word' id='word_1_193' title='bbox 1605 1323 1620 1376; x_wconf 95' lang='lat' dir='ltr'>   </span> 
     </span>
     <span class='ocr_line' id='line_1_137' title="bbox 1604 1376 1619 1471; baseline 0 -46"><span class='ocrx_word' id='word_1_194' title='bbox 1604 1376 1619 1471; x_wconf 95' lang='lat' dir='ltr'>    </span> 
     </span>
     <span class='ocr_line' id='line_1_138' title="bbox 1604 1471 1619 1560; baseline 0 -1"><span class='ocrx_word' id='word_1_195' title='bbox 1604 1471 1619 1560; x_wconf 95' lang='lat' dir='ltr'>    </span> 
     </span>
     <span class='ocr_line' id='line_1_139' title="bbox 1033 1560 1618 1611; baseline 0 -7"><span class='ocrx_word' id='word_1_196' title='bbox 1033 1560 1618 1611; x_wconf 95' lang='lat' dir='ltr'>    </span> 
     </span>
    </p>
   </div>
   <div class='ocr_carea' id='block_1_41' title="bbox 1322 1376 1351 1604">
    <p class='ocr_par' dir='ltr' id='par_1_64' title="bbox 1322 1376 1351 1604">
     <span class='ocr_line' id='line_1_140' title="bbox 1323 1376 1336 1426; baseline 0 -1"><span class='ocrx_word' id='word_1_197' title='bbox 1323 1376 1336 1426; x_wconf 95' lang='lat' dir='ltr'>  </span> 
     </span>
     <span class='ocr_line' id='line_1_141' title="bbox 1323 1426 1335 1471; baseline 0 -1"><span class='ocrx_word' id='word_1_198' title='bbox 1323 1426 1335 1471; x_wconf 95' lang='lat' dir='ltr'>  </span> 
     </span>
     <span class='ocr_line' id='line_1_142' title="bbox 1322 1471 1335 1510; baseline 0 -1"><span class='ocrx_word' id='word_1_199' title='bbox 1322 1471 1335 1510; x_wconf 95' lang='lat' dir='ltr'>  </span> 
     </span>
     <span class='ocr_line' id='line_1_143' title="bbox 1322 1510 1335 1560; baseline 0 -1"><span class='ocrx_word' id='word_1_200' title='bbox 1322 1510 1335 1560; x_wconf 95' lang='lat' dir='ltr'>  </span> 
     </span>
     <span class='ocr_line' id='line_1_144' title="bbox 1322 1560 1351 1604; baseline 0 1710"><span class='ocrx_word' id='word_1_201' title='bbox 1322 1560 1351 1604; x_wconf 95' lang='lat' dir='ltr'> </span> 
     </span>
    </p>
   </div>
   <div class='ocr_carea' id='block_1_42' title="bbox 1033 1608 1618 1704">
    <p class='ocr_par' dir='ltr' id='par_1_65' title="bbox 1033 1608 1618 1704">
     <span class='ocr_line' id='line_1_145' title="bbox 1033 1608 1618 1704; baseline 0 0"><span class='ocrx_word' id='word_1_202' title='bbox 1033 1611 1058 1704; x_wconf 95' lang='lat' dir='ltr'>  </span> <span class='ocrx_word' id='word_1_203' title='bbox 1322 1611 1351 1704; x_wconf 95' lang='lat' dir='ltr'>    </span> <span class='ocrx_word' id='word_1_204' title='bbox 1415 1608 1618 1664; x_wconf 95' lang='lat' dir='ltr'>   </span> 
     </span>
    </p>
   </div>
   <div class='ocr_carea' id='block_1_43' title="bbox 1033 1667 1617 1905">
    <p class='ocr_par' dir='ltr' id='par_1_66' title="bbox 1033 1667 1617 1905">
     <span class='ocr_line' id='line_1_146' title="bbox 1033 1667 1617 1806; baseline 0 -39"><span class='ocrx_word' id='word_1_205' title='bbox 1033 1667 1617 1806; x_wconf 95' lang='lat' dir='ltr'>     </span> 
     </span>
     <span class='ocr_line' id='line_1_147' title="bbox 1033 1806 1058 1905; baseline 0 0"><span class='ocrx_word' id='word_1_206' title='bbox 1033 1806 1058 1905; x_wconf 95' lang='lat' dir='ltr'>  </span> 
     </span>
    </p>
   </div>
   <div class='ocr_carea' id='block_1_44' title="bbox 1322 1710 1618 1857">
    <p class='ocr_par' dir='ltr' id='par_1_67' title="bbox 1322 1710 1618 1857">
     <span class='ocr_line' id='line_1_148' title="bbox 1322 1710 1618 1803; baseline 0 -55"><span class='ocrx_word' id='word_1_207' title='bbox 1322 1710 1618 1803; x_wconf 95' lang='lat' dir='ltr'>      </span> 
     </span>
     <span class='ocr_line' id='line_1_149' title="bbox 1599 1803 1618 1857; baseline 0 -1"><span class='ocrx_word' id='word_1_208' title='bbox 1599 1803 1618 1857; x_wconf 95' lang='lat' dir='ltr'>   </span> 
     </span>
    </p>
   </div>
   <div class='ocr_carea' id='block_1_45' title="bbox 1322 1754 1350 1855">
    <p class='ocr_par' dir='ltr' id='par_1_68' title="bbox 1322 1754 1350 1855">
     <span class='ocr_line' id='line_1_150' title="bbox 1322 1754 1350 1855; baseline 0 -52"><span class='ocrx_word' id='word_1_209' title='bbox 1322 1754 1350 1855; x_wconf 95' lang='lat' dir='ltr'>    </span> 
     </span>
    </p>
   </div>
   <div class='ocr_carea' id='block_1_46' title="bbox 1033 1857 1618 2896">
    <p class='ocr_par' dir='ltr' id='par_1_69' title="bbox 1033 1857 1618 2896">
     <span class='ocr_line' id='line_1_151' title="bbox 1033 1857 1618 2069; baseline 0.002 -101"><span class='ocrx_word' id='word_1_210' title='bbox 1033 1905 1058 2069; x_wconf 95' lang='lat' dir='ltr'>    </span> <span class='ocrx_word' id='word_1_211' title='bbox 1599 1857 1618 2069; x_wconf 95' lang='lat' dir='ltr'>     </span> 
     </span>
     <span class='ocr_line' id='line_1_152' title="bbox 1033 2069 1618 2253; baseline 0 -84"><span class='ocrx_word' id='word_1_212' title='bbox 1033 2069 1058 2253; x_wconf 95' lang='lat' dir='ltr'>    </span> <span class='ocrx_word' id='word_1_213' title='bbox 1599 2069 1618 2253; x_wconf 95' lang='lat' dir='ltr'>    </span> 
     </span>
     <span class='ocr_line' id='line_1_153' title="bbox 1033 2253 1618 2352; baseline 0 -51"><span class='ocrx_word' id='word_1_214' title='bbox 1033 2253 1058 2352; x_wconf 95' lang='lat' dir='ltr'>  </span> <span class='ocrx_word' id='word_1_215' title='bbox 1599 2253 1618 2352; x_wconf 95' lang='lat' dir='ltr'>  </span> 
     </span>
     <span class='ocr_line' id='line_1_154' title="bbox 1033 2352 1618 2494; baseline 0 -78"><span class='ocrx_word' id='word_1_216' title='bbox 1033 2352 1058 2494; x_wconf 95' lang='lat' dir='ltr'>   </span> <span class='ocrx_word' id='word_1_217' title='bbox 1599 2352 1618 2494; x_wconf 95' lang='lat' dir='ltr'>   </span> 
     </span>
     <span class='ocr_line' id='line_1_155' title="bbox 1033 2499 1618 2698; baseline 0 -134"><span class='ocrx_word' id='word_1_218' title='bbox 1033 2499 1058 2698; x_wconf 95' lang='lat' dir='ltr'>    </span> <span class='ocrx_word' id='word_1_219' title='bbox 1599 2499 1618 2698; x_wconf 95' lang='lat' dir='ltr'>    </span> 
     </span>
     <span class='ocr_line' id='line_1_156' title="bbox 1033 2698 1618 2841; baseline 0 -30"><span class='ocrx_word' id='word_1_220' title='bbox 1033 2698 1058 2841; x_wconf 95' lang='lat' dir='ltr'>   </span> <span class='ocrx_word' id='word_1_221' title='bbox 1599 2698 1618 2841; x_wconf 95' lang='lat' dir='ltr'>   </span> 
     </span>
     <span class='ocr_line' id='line_1_157' title="bbox 1033 2841 1618 2896; baseline 0 0"><span class='ocrx_word' id='word_1_222' title='bbox 1033 2841 1058 2896; x_wconf 95' lang='lat' dir='ltr'> </span> <span class='ocrx_word' id='word_1_223' title='bbox 1599 2841 1618 2896; x_wconf 95' lang='lat' dir='ltr'> </span> 
     </span>
    </p>
   </div>
   <div class='ocr_carea' id='block_1_47' title="bbox 781 467 1626 2933">
    <p class='ocr_par' dir='ltr' id='par_1_70' title="bbox 781 467 1626 2933">
     <span class='ocr_line' id='line_1_158' title="bbox 796 467 1619 511; baseline 0.001 -22"><span class='ocrx_word' id='word_1_224' title='bbox 796 491 1030 511; x_wconf 77' lang='lat' dir='ltr'>RAGAzONIBUs.</span> <span class='ocrx_word' id='word_1_225' title='bbox 1143 468 1255 490; x_wconf 66' lang='lat' dir='ltr'>Annus.</span> <span class='ocrx_word' id='word_1_226' title='bbox 1346 467 1424 487; x_wconf 54' lang='lat' dir='ltr'>rme</span> <span class='ocrx_word' id='word_1_227' title='bbox 1440 468 1619 490; x_wconf 63' lang='lat' dir='ltr'>socfflrans</span> 
     </span>
     <span class='ocr_line' id='line_1_159' title="bbox 1386 509 1626 605; baseline 0.008 -64"><span class='ocrx_word' id='word_1_228' title='bbox 1386 521 1580 542; x_wconf 64' lang='lat' dir='ltr'>mrem-maz.</span> <span class='ocrx_word' id='word_1_229' title='bbox 1619 509 1626 605; x_wconf 55' lang='grc' dir='ltr'><em>ι</em></span> 
     </span>
     <span class='ocr_line' id='line_1_160' title="bbox 843 592 1546 633; baseline -0.001 -11"><span class='ocrx_word' id='word_1_230' title='bbox 843 593 980 622; x_wconf 68' lang='lat' dir='ltr'>Venetiis.</span> <span class='ocrx_word' id='word_1_231' title='bbox 1128 593 1268 624; x_wconf 72' lang='lat' dir='ltr'>Venetiis.</span> <span class='ocrx_word' id='word_1_232' title='bbox 1412 592 1546 633; x_wconf 77' lang='lat' dir='ltr'>Biponti.</span> 
     </span>
     <span class='ocr_line' id='line_1_161' title="bbox 872 606 1624 742; baseline 0 -32"><span class='ocrx_word' id='word_1_233' title='bbox 872 685 954 713; x_wconf 85' lang='lat'>1495.</span> <span class='ocrx_word' id='word_1_234' title='bbox 1154 688 1236 714; x_wconf 87' lang='lat'>1500.</span> <span class='ocrx_word' id='word_1_235' title='bbox 1439 685 1521 713; x_wconf 76' lang='lat'>1782.</span> <span class='ocrx_word' id='word_1_236' title='bbox 1343 606 1624 742; x_wconf 49' lang='lat' dir='ltr'>*l</span> 
     </span>
     <span class='ocr_line' id='line_1_162' title="bbox 793 768 1467 800; baseline 0 -2"><span class='ocrx_word' id='word_1_237' title='bbox 793 770 913 799; x_wconf 87' lang='lat' dir='ltr'>Caetera</span> <span class='ocrx_word' id='word_1_238' title='bbox 1077 770 1198 800; x_wconf 84' lang='lat' dir='ltr'>Caetera</span> <span class='ocrx_word' id='word_1_239' title='bbox 1360 768 1467 798; x_wconf 80' lang='lat' dir='ltr'>Cetera</span> 
     </span>
     <span class='ocr_line' id='line_1_163' title="bbox 792 822 1479 850; baseline -0.001 -2"><span class='ocrx_word' id='word_1_240' title='bbox 792 822 900 848; x_wconf 82' lang='lat' dir='ltr'>metam</span> <span class='ocrx_word' id='word_1_241' title='bbox 1076 831 1122 850; x_wconf 90' lang='lat' dir='ltr'>me</span> <span class='ocrx_word' id='word_1_242' title='bbox 1135 825 1197 850; x_wconf 89' lang='lat' dir='ltr'>tam</span> <span class='ocrx_word' id='word_1_243' title='bbox 1358 829 1404 848; x_wconf 89' lang='lat' dir='ltr'>me</span> <span class='ocrx_word' id='word_1_244' title='bbox 1417 823 1479 848; x_wconf 89' lang='lat' dir='ltr'>tam</span> 
     </span>
     <span class='ocr_line' id='line_1_164' title="bbox 792 872 1452 909; baseline 0 -12"><span class='ocrx_word' id='word_1_245' title='bbox 792 873 887 898; x_wconf 86' lang='lat' dir='ltr'>restat</span> <span class='ocrx_word' id='word_1_246' title='bbox 1075 873 1202 909; x_wconf 85' lang='lat' dir='ltr'>praestat</span> <span class='ocrx_word' id='word_1_247' title='bbox 1357 872 1452 898; x_wconf 85' lang='lat' dir='ltr'>restat</span> 
     </span>
     <span class='ocr_line' id='line_1_165' title="bbox 792 918 1563 960; baseline 0.006 -14"><span class='ocrx_word' id='word_1_248' title='bbox 792 918 1038 957; x_wconf 86' lang='lat' dir='ltr'>comprehendere</span> <span class='ocrx_word' id='word_1_249' title='bbox 1075 920 1321 960; x_wconf 84' lang='lat' dir='ltr'>comprehendere</span> <span class='ocrx_word' id='word_1_250' title='bbox 1353 919 1563 957; x_wconf 72' lang='lat' dir='ltr'>oomprendere</span> 
     </span>
     <span class='ocr_line' id='line_1_166' title="bbox 789 967 1487 1004; baseline 0 -8"><span class='ocrx_word' id='word_1_251' title='bbox 789 967 880 1001; x_wconf 85' lang='lat' dir='ltr'>Quod</span> <span class='ocrx_word' id='word_1_252' title='bbox 1074 969 1205 1004; x_wconf 85' lang='lat' dir='ltr'>Quorum</span> <span class='ocrx_word' id='word_1_253' title='bbox 1356 967 1487 1001; x_wconf 87' lang='lat' dir='ltr'>Quorum</span> 
     </span>
     <span class='ocr_line' id='line_1_167' title="bbox 791 1021 1485 1049; baseline 0.001 -3"><span class='ocrx_word' id='word_1_254' title='bbox 791 1021 911 1047; x_wconf 77' lang='lat' dir='ltr'>texture</span> <span class='ocrx_word' id='word_1_255' title='bbox 1073 1023 1199 1049; x_wconf 84' lang='lat' dir='ltr'>texturae</span> <span class='ocrx_word' id='word_1_256' title='bbox 1356 1021 1485 1047; x_wconf 83' lang='lat' dir='ltr'>texturae</span> 
     </span>
     <span class='ocr_line' id='line_1_168' title="bbox 790 1066 1418 1096; baseline 0 -1"><span class='ocrx_word' id='word_1_257' title='bbox 790 1067 858 1096; x_wconf 81' lang='lat' dir='ltr'>haec</span> <span class='ocrx_word' id='word_1_258' title='bbox 1355 1066 1418 1095; x_wconf 89' lang='lat' dir='ltr'>haec</span> 
     </span>
     <span class='ocr_line' id='line_1_169' title="bbox 791 1116 1421 1146; baseline -0.003 0"><span class='ocrx_word' id='word_1_259' title='bbox 791 1117 858 1146; x_wconf 86' lang='lat' dir='ltr'>haec</span> <span class='ocrx_word' id='word_1_260' title='bbox 1354 1116 1421 1145; x_wconf 84' lang='lat' dir='ltr'>haec</span> 
     </span>
     <span class='ocr_line' id='line_1_170' title="bbox 789 1166 1479 1197; baseline 0.001 -1"><span class='ocrx_word' id='word_1_261' title='bbox 789 1166 894 1196; x_wconf 82' lang='lat' dir='ltr'>anellis</span> <span class='ocrx_word' id='word_1_262' title='bbox 1071 1167 1175 1197; x_wconf 85' lang='lat' dir='ltr'>anellis</span> <span class='ocrx_word' id='word_1_263' title='bbox 1354 1167 1479 1197; x_wconf 64' lang='lat' dir='ltr'>annonis</span> 
     </span>
     <span class='ocr_line' id='line_1_171' title="bbox 789 1215 1464 1256; baseline 0.001 -11"><span class='ocrx_word' id='word_1_264' title='bbox 789 1215 900 1255; x_wconf 87' lang='lat' dir='ltr'>placita</span> <span class='ocrx_word' id='word_1_265' title='bbox 1070 1216 1182 1256; x_wconf 67' lang='lat' dir='ltr'>plicata</span> <span class='ocrx_word' id='word_1_266' title='bbox 1353 1215 1464 1255; x_wconf 75' lang='lat' dir='ltr'>plicata</span> 
     </span>
     <span class='ocr_line' id='line_1_172' title="bbox 788 1266 1485 1306; baseline 0.001 -12"><span class='ocrx_word' id='word_1_267' title='bbox 788 1266 921 1305; x_wconf 80' lang='lat' dir='ltr'>quaedam</span> <span class='ocrx_word' id='word_1_268' title='bbox 1069 1267 1203 1306; x_wconf 86' lang='lat' dir='ltr'>quaedam</span> <span class='ocrx_word' id='word_1_269' title='bbox 1352 1266 1485 1304; x_wconf 73' lang='lat' dir='ltr'>quaedam</span> 
     </span>
     <span class='ocr_line' id='line_1_173' title="bbox 787 1315 1471 1356; baseline 0 -12"><span class='ocrx_word' id='word_1_270' title='bbox 787 1315 926 1354; x_wconf 82' lang='lat' dir='ltr'>copulata</span> <span class='ocrx_word' id='word_1_271' title='bbox 1069 1316 1206 1356; x_wconf 90' lang='lat' dir='ltr'>copulata</span> <span class='ocrx_word' id='word_1_272' title='bbox 1353 1315 1471 1355; x_wconf 85' lang='lat' dir='ltr'>coplata</span> 
     </span>
     <span class='ocr_line' id='line_1_174' title="bbox 786 1365 1562 1406; baseline 0.004 -12"><span class='ocrx_word' id='word_1_273' title='bbox 786 1365 863 1394; x_wconf 81' lang='lat' dir='ltr'>ferro</span> <span class='ocrx_word' id='word_1_274' title='bbox 875 1365 945 1395; x_wconf 88' lang='lat' dir='ltr'>ferri</span> <span class='ocrx_word' id='word_1_275' title='bbox 1068 1365 1132 1395; x_wconf 86' lang='lat' dir='ltr'>fieri</span> <span class='ocrx_word' id='word_1_276' title='bbox 1144 1366 1279 1406; x_wconf 86' lang='lat' dir='ltr'>ferroque</span> <span class='ocrx_word' id='word_1_277' title='bbox 1352 1365 1414 1394; x_wconf 87' lang='lat' dir='ltr'>fieri</span> <span class='ocrx_word' id='word_1_278' title='bbox 1426 1365 1562 1405; x_wconf 87' lang='lat' dir='ltr'>ferroque</span> 
     </span>
     <span class='ocr_line' id='line_1_175' title="bbox 785 1413 1447 1454; baseline 0.002 -12"><span class='ocrx_word' id='word_1_279' title='bbox 785 1413 881 1453; x_wconf 80' lang='lat' dir='ltr'>possit</span> <span class='ocrx_word' id='word_1_280' title='bbox 1068 1416 1165 1454; x_wconf 85' lang='lat' dir='ltr'>possit</span> <span class='ocrx_word' id='word_1_281' title='bbox 1351 1414 1447 1454; x_wconf 73' lang='lat' dir='ltr'>possit</span> 
     </span>
     <span class='ocr_line' id='line_1_176' title="bbox 785 1463 1464 1495; baseline 0.003 -4"><span class='ocrx_word' id='word_1_282' title='bbox 785 1472 885 1492; x_wconf 88' lang='lat' dir='ltr'>creare</span> <span class='ocrx_word' id='word_1_283' title='bbox 1067 1465 1182 1495; x_wconf 82' lang='lat' dir='ltr'>cladem</span> <span class='ocrx_word' id='word_1_284' title='bbox 1351 1463 1464 1493; x_wconf 79' lang='lat' dir='ltr'>eladem</span> 
     </span>
     <span class='ocr_line' id='line_1_177' title="bbox 785 1512 1476 1545; baseline 0.004 -4"><span class='ocrx_word' id='word_1_285' title='bbox 785 1512 911 1542; x_wconf 89' lang='lat' dir='ltr'>conflare</span> <span class='ocrx_word' id='word_1_286' title='bbox 1068 1515 1195 1545; x_wconf 84' lang='lat' dir='ltr'>conflare</span> <span class='ocrx_word' id='word_1_287' title='bbox 1350 1514 1476 1544; x_wconf 85' lang='lat' dir='ltr'>conflare</span> 
     </span>
     <span class='ocr_line' id='line_1_178' title="bbox 785 1566 1452 1595; baseline 0.001 -4"><span class='ocrx_word' id='word_1_288' title='bbox 785 1566 887 1591; x_wconf 68' lang='lat' dir='ltr'>coar-ta</span> <span class='ocrx_word' id='word_1_289' title='bbox 1068 1570 1170 1595; x_wconf 72' lang='lat' dir='ltr'>coorta</span> <span class='ocrx_word' id='word_1_290' title='bbox 1351 1568 1452 1592; x_wconf 80' lang='lat' dir='ltr'>coorta</span> 
     </span>
     <span class='ocr_line' id='line_1_179' title="bbox 786 1622 1415 1653; baseline 0 -13"><span class='ocrx_word' id='word_1_291' title='bbox 786 1622 852 1650; x_wconf 87' lang='lat' dir='ltr'>quae</span> <span class='ocrx_word' id='word_1_292' title='bbox 1068 1625 1134 1653; x_wconf 83' lang='lat' dir='ltr'>quae</span> <span class='ocrx_word' id='word_1_293' title='bbox 1351 1622 1415 1650; x_wconf 83' lang='lat' dir='ltr'>quae</span> 
     </span>
     <span class='ocr_line' id='line_1_180' title="bbox 786 1661 1454 1694; baseline -0.001 -4"><span class='ocrx_word' id='word_1_294' title='bbox 786 1666 819 1690; x_wconf 86' lang='lat' dir='ltr'>ut</span> <span class='ocrx_word' id='word_1_295' title='bbox 831 1661 890 1691; x_wconf 86' lang='lat' dir='ltr'>alia</span> <span class='ocrx_word' id='word_1_296' title='bbox 1068 1664 1171 1694; x_wconf 77' lang='lat' dir='ltr'>vitalia</span> <span class='ocrx_word' id='word_1_297' title='bbox 1351 1661 1454 1690; x_wconf 72' lang='lat' dir='ltr'>vitalia</span> 
     </span>
     <span class='ocr_line' id='line_1_181' title="bbox 784 1721 1416 1753; baseline -0.003 -12"><span class='ocrx_word' id='word_1_298' title='bbox 784 1722 852 1751; x_wconf 86' lang='lat' dir='ltr'>quae</span> <span class='ocrx_word' id='word_1_299' title='bbox 1067 1724 1134 1753; x_wconf 79' lang='lat' dir='ltr'>quae</span> <span class='ocrx_word' id='word_1_300' title='bbox 1300 1735 1304 1739; x_wconf 92' lang='lat'>.</span> <span class='ocrx_word' id='word_1_301' title='bbox 1351 1721 1416 1750; x_wconf 85' lang='lat' dir='ltr'>quae</span> 
     </span>
     <span class='ocr_line' id='line_1_182' title="bbox 786 1761 1515 1794; baseline 0.004 -4"><span class='ocrx_word' id='word_1_302' title='bbox 786 1765 938 1791; x_wconf 72' lang='lat' dir='ltr'>necessest</span> <span class='ocrx_word' id='word_1_303' title='bbox 1068 1769 1219 1794; x_wconf 80' lang='lat' dir='ltr'>necessest</span> <span class='ocrx_word' id='word_1_304' title='bbox 1350 1761 1515 1791; x_wconf 76' lang='lat' dir='ltr'>necesse&#39;st</span> 
     </span>
     <span class='ocr_line' id='line_1_183' title="bbox 787 1810 1453 1842; baseline -0.002 -1"><span class='ocrx_word' id='word_1_305' title='bbox 787 1811 884 1841; x_wconf 83' lang='lat' dir='ltr'>Nulta</span> <span class='ocrx_word' id='word_1_306' title='bbox 1070 1812 1171 1842; x_wconf 88' lang='lat' dir='ltr'>Multa</span> <span class='ocrx_word' id='word_1_307' title='bbox 1353 1810 1453 1840; x_wconf 83' lang='lat' dir='ltr'>Multa</span> 
     </span>
     <span class='ocr_line' id='line_1_184' title="bbox 784 1861 1451 1892; baseline -0.003 -2"><span class='ocrx_word' id='word_1_308' title='bbox 784 1861 887 1891; x_wconf 76' lang='lat' dir='ltr'>coarta</span> <span class='ocrx_word' id='word_1_309' title='bbox 1067 1866 1170 1892; x_wconf 83' lang='lat' dir='ltr'>coorta</span> <span class='ocrx_word' id='word_1_310' title='bbox 1350 1865 1451 1889; x_wconf 87' lang='lat' dir='ltr'>coorta</span> 
     </span>
     <span class='ocr_line' id='line_1_185' title="bbox 784 1911 1544 1951; baseline 0.003 -12"><span class='ocrx_word' id='word_1_311' title='bbox 784 1911 993 1951; x_wconf 80' lang='lat' dir='ltr'>perturbarunt</span> <span class='ocrx_word' id='word_1_312' title='bbox 1068 1913 1277 1950; x_wconf 79' lang='lat' dir='ltr'>perturbarunt</span> <span class='ocrx_word' id='word_1_313' title='bbox 1348 1911 1544 1950; x_wconf 86' lang='lat' dir='ltr'>peturbarunt</span> 
     </span>
     <span class='ocr_line' id='line_1_186' title="bbox 784 1960 1453 1990; baseline -0.001 0"><span class='ocrx_word' id='word_1_314' title='bbox 784 1961 886 1990; x_wconf 85' lang='lat' dir='ltr'>caelum</span> <span class='ocrx_word' id='word_1_315' title='bbox 1068 1960 1171 1990; x_wconf 87' lang='lat' dir='ltr'>coelum</span> <span class='ocrx_word' id='word_1_316' title='bbox 1350 1960 1453 1990; x_wconf 82' lang='lat' dir='ltr'>coelum</span> 
     </span>
     <span class='ocr_line' id='line_1_187' title="bbox 784 2010 1559 2050; baseline 0.001 -11"><span class='ocrx_word' id='word_1_317' title='bbox 784 2011 863 2041; x_wconf 86' lang='lat' dir='ltr'>Atus</span> <span class='ocrx_word' id='word_1_318' title='bbox 877 2012 943 2041; x_wconf 87' lang='lat' dir='ltr'>anis</span> <span class='ocrx_word' id='word_1_319' title='bbox 1067 2012 1169 2050; x_wconf 85' lang='lat' dir='ltr'>Atque</span> <span class='ocrx_word' id='word_1_320' title='bbox 1184 2023 1219 2040; x_wconf 88' lang='lat' dir='ltr'>ea</span> <span class='ocrx_word' id='word_1_321' title='bbox 1231 2011 1277 2040; x_wconf 72' lang='lat' dir='ltr'>vis</span> <span class='ocrx_word' id='word_1_322' title='bbox 1350 2011 1452 2048; x_wconf 86' lang='lat' dir='ltr'>Atque</span> <span class='ocrx_word' id='word_1_323' title='bbox 1465 2021 1502 2039; x_wconf 88' lang='lat' dir='ltr'>ea</span> <span class='ocrx_word' id='word_1_324' title='bbox 1515 2010 1559 2040; x_wconf 82' lang='lat' dir='ltr'>vis</span> 
     </span>
     <span class='ocr_line' id='line_1_188' title="bbox 783 2059 1536 2092; baseline -0.001 -3"><span class='ocrx_word' id='word_1_325' title='bbox 783 2060 863 2091; x_wconf 87' lang='lat' dir='ltr'>intus</span> <span class='ocrx_word' id='word_1_326' title='bbox 876 2072 963 2092; x_wconf 86' lang='lat' dir='ltr'>secus</span> <span class='ocrx_word' id='word_1_327' title='bbox 1067 2061 1250 2090; x_wconf 79' lang='lat' dir='ltr'>extrinsecus</span> <span class='ocrx_word' id='word_1_328' title='bbox 1349 2059 1536 2089; x_wconf 78' lang='lat' dir='ltr'>extrinsecus</span> 
     </span>
     <span class='ocr_line' id='line_1_189' title="bbox 782 2108 1523 2151; baseline -0.001 -11"><span class='ocrx_word' id='word_1_329' title='bbox 782 2111 953 2151; x_wconf 66' lang='lat' dir='ltr'>nebulaeque</span> <span class='ocrx_word' id='word_1_330' title='bbox 1066 2111 1237 2150; x_wconf 84' lang='lat' dir='ltr'>nebulaeque</span> <span class='ocrx_word' id='word_1_331' title='bbox 1349 2108 1523 2148; x_wconf 87' lang='lat' dir='ltr'>nebulaeque</span> 
     </span>
     <span class='ocr_line' id='line_1_190' title="bbox 783 2169 1474 2200; baseline -0.003 -11"><span class='ocrx_word' id='word_1_332' title='bbox 783 2170 907 2199; x_wconf 86' lang='lat' dir='ltr'>superne</span> <span class='ocrx_word' id='word_1_333' title='bbox 1066 2171 1192 2200; x_wconf 85' lang='lat' dir='ltr'>superne</span> <span class='ocrx_word' id='word_1_334' title='bbox 1348 2169 1474 2197; x_wconf 87' lang='lat' dir='ltr'>superne</span> 
     </span>
     <span class='ocr_line' id='line_1_191' title="bbox 781 2206 1453 2240; baseline -0.007 -1"><span class='ocrx_word' id='word_1_335' title='bbox 781 2210 887 2240; x_wconf 87' lang='lat' dir='ltr'>caelum</span> <span class='ocrx_word' id='word_1_336' title='bbox 1065 2210 1169 2239; x_wconf 84' lang='lat' dir='ltr'>coelum</span> <span class='ocrx_word' id='word_1_337' title='bbox 1349 2206 1453 2235; x_wconf 88' lang='lat' dir='ltr'>coelum</span> 
     </span>
     <span class='ocr_line' id='line_1_192' title="bbox 781 2261 1450 2289; baseline -0.007 0"><span class='ocrx_word' id='word_1_338' title='bbox 781 2265 883 2289; x_wconf 84' lang='lat' dir='ltr'>coarta</span> <span class='ocrx_word' id='word_1_339' title='bbox 1065 2265 1167 2289; x_wconf 80' lang='lat' dir='ltr'>coorta</span> <span class='ocrx_word' id='word_1_340' title='bbox 1347 2261 1450 2285; x_wconf 82' lang='lat' dir='ltr'>coorta</span> 
     </span>
     <span class='ocr_line' id='line_1_193' title="bbox 782 2303 1396 2338; baseline -0.007 0"><span class='ocrx_word' id='word_1_341' title='bbox 782 2303 824 2338; x_wconf 72' lang='lat' dir='ltr'>ibi</span> <span class='ocrx_word' id='word_1_342' title='bbox 1066 2309 1115 2338; x_wconf 86' lang='lat' dir='ltr'>ubi</span> <span class='ocrx_word' id='word_1_343' title='bbox 1348 2306 1396 2334; x_wconf 84' lang='lat' dir='ltr'>ubi</span> 
     </span>
     <span class='ocr_line' id='line_1_194' title="bbox 781 2361 1499 2398; baseline -0.006 -10"><span class='ocrx_word' id='word_1_344' title='bbox 781 2363 915 2398; x_wconf 86' lang='lat' dir='ltr'>putorem</span> <span class='ocrx_word' id='word_1_345' title='bbox 1064 2362 1198 2398; x_wconf 83' lang='lat' dir='ltr'>putorem</span> <span class='ocrx_word' id='word_1_346' title='bbox 1348 2361 1499 2395; x_wconf 84' lang='lat' dir='ltr'>putrorem</span> 
     </span>
     <span class='ocr_line' id='line_1_195' title="bbox 783 2404 1467 2437; baseline -0.007 0"><span class='ocrx_word' id='word_1_347' title='bbox 783 2408 891 2437; x_wconf 88' lang='lat' dir='ltr'>munda</span> <span class='ocrx_word' id='word_1_348' title='bbox 1065 2407 1186 2436; x_wconf 82' lang='lat' dir='ltr'>humida</span> <span class='ocrx_word' id='word_1_349' title='bbox 1348 2404 1467 2434; x_wconf 81' lang='lat' dir='ltr'>humida</span> 
     </span>
     <span class='ocr_line' id='line_1_196' title="bbox 783 2453 1478 2487; baseline -0.007 -1"><span class='ocrx_word' id='word_1_350' title='bbox 783 2462 872 2486; x_wconf 87' lang='lat' dir='ltr'>nacta</span> <span class='ocrx_word' id='word_1_351' title='bbox 883 2462 931 2487; x_wconf 85' lang='lat' dir='ltr'>est</span> <span class='ocrx_word' id='word_1_352' title='bbox 1065 2460 1184 2486; x_wconf 81' lang='lat' dir='ltr'>nactast</span> <span class='ocrx_word' id='word_1_353' title='bbox 1348 2453 1478 2482; x_wconf 88' lang='lat' dir='ltr'>nacta&#39;st</span> 
     </span>
     <span class='ocr_line' id='line_1_197' title="bbox 785 2502 1571 2547; baseline -0.004 -11"><span class='ocrx_word' id='word_1_354' title='bbox 785 2507 861 2536; x_wconf 86' lang='lat' dir='ltr'>Item</span> <span class='ocrx_word' id='word_1_355' title='bbox 875 2507 999 2547; x_wconf 80' lang='lat' dir='ltr'>pestivis</span> <span class='ocrx_word' id='word_1_356' title='bbox 1068 2506 1290 2545; x_wconf 85' lang='lat' dir='ltr'>Intempestivis</span> <span class='ocrx_word' id='word_1_357' title='bbox 1349 2502 1571 2542; x_wconf 71' lang='lat' dir='ltr'>Intempestivis</span> 
     </span>
     <span class='ocr_line' id='line_1_198' title="bbox 783 2553 1512 2596; baseline -0.008 -10"><span class='ocrx_word' id='word_1_358' title='bbox 783 2556 879 2586; x_wconf 72' lang='lat' dir='ltr'>fluviis</span> <span class='ocrx_word' id='word_1_359' title='bbox 893 2567 961 2596; x_wconf 83' lang='lat' dir='ltr'>quae</span> <span class='ocrx_word' id='word_1_360' title='bbox 1067 2555 1231 2596; x_wconf 81' lang='lat' dir='ltr'>pluviisque</span> <span class='ocrx_word' id='word_1_361' title='bbox 1347 2553 1512 2592; x_wconf 73' lang='lat' dir='ltr'>pluviisque</span> 
     </span>
     <span class='ocr_line' id='line_1_199' title="bbox 783 2602 1413 2636; baseline -0.008 0"><span class='ocrx_word' id='word_1_362' title='bbox 783 2606 851 2636; x_wconf 85' lang='lat' dir='ltr'>caeli</span> <span class='ocrx_word' id='word_1_363' title='bbox 1067 2605 1132 2635; x_wconf 84' lang='lat' dir='ltr'>coeli</span> <span class='ocrx_word' id='word_1_364' title='bbox 1347 2602 1413 2632; x_wconf 83' lang='lat' dir='ltr'>coeli</span> 
     </span>
     <span class='ocr_line' id='line_1_200' title="bbox 783 2652 1474 2695; baseline -0.006 -10"><span class='ocrx_word' id='word_1_365' title='bbox 783 2655 938 2695; x_wconf 84' lang='lat' dir='ltr'>Temptari</span> <span class='ocrx_word' id='word_1_366' title='bbox 1067 2654 1193 2684; x_wconf 80' lang='lat' dir='ltr'>Tentari</span> <span class='ocrx_word' id='word_1_367' title='bbox 1349 2652 1474 2682; x_wconf 87' lang='lat' dir='ltr'>Tentari</span> 
     </span>
     <span class='ocr_line' id='line_1_201' title="bbox 783 2702 1429 2734; baseline -0.003 0"><span class='ocrx_word' id='word_1_368' title='bbox 783 2716 802 2734; x_wconf 89' lang='lat' dir='ltr'>a</span> <span class='ocrx_word' id='word_1_369' title='bbox 1065 2705 1145 2734; x_wconf 49' lang='lat' dir='ltr'>deest</span> <span class='ocrx_word' id='word_1_370' title='bbox 1348 2702 1429 2732; x_wconf 74' lang='lat' dir='ltr'>deest</span> 
     </span>
     <span class='ocr_line' id='line_1_202' title="bbox 783 2752 1500 2799; baseline -0.006 -15"><span class='ocrx_word' id='word_1_371' title='bbox 783 2754 936 2795; x_wconf 83' lang='lat' dir='ltr'>discrepit-</span> <span class='ocrx_word' id='word_1_372' title='bbox 1065 2755 1216 2793; x_wconf 87' lang='lat' dir='ltr'>discrepat</span> <span class='ocrx_word' id='word_1_373' title='bbox 1306 2794 1310 2799; x_wconf 24' lang='grc' dir='ltr'><em>η</em></span> <span class='ocrx_word' id='word_1_374' title='bbox 1350 2752 1500 2791; x_wconf 83' lang='lat' dir='ltr'>discrepat</span> 
     </span>
     <span class='ocr_line' id='line_1_203' title="bbox 783 2813 1399 2833; baseline -0.002 0"><span class='ocrx_word' id='word_1_375' title='bbox 783 2814 867 2833; x_wconf 85' lang='lat' dir='ltr'>acres</span> <span class='ocrx_word' id='word_1_376' title='bbox 1064 2814 1115 2832; x_wconf 89' lang='lat' dir='ltr'>aer</span> <span class='ocrx_word' id='word_1_377' title='bbox 1349 2813 1399 2832; x_wconf 84' lang='lat' dir='ltr'>aer</span> 
     </span>
     <span class='ocr_line' id='line_1_204' title="bbox 783 2852 1524 2883; baseline -0.001 -1"><span class='ocrx_word' id='word_1_378' title='bbox 783 2853 907 2883; x_wconf 83' lang='lat' dir='ltr'>britanis</span> <span class='ocrx_word' id='word_1_379' title='bbox 1067 2852 1221 2882; x_wconf 86' lang='lat' dir='ltr'>Britannis</span> <span class='ocrx_word' id='word_1_380' title='bbox 1350 2852 1524 2881; x_wconf 83' lang='lat' dir='ltr'>Britannum</span> 
     </span>
     <span class='ocr_line' id='line_1_205' title="bbox 784 2901 1452 2933; baseline -0.003 0"><span class='ocrx_word' id='word_1_381' title='bbox 784 2903 885 2933; x_wconf 85' lang='lat' dir='ltr'>caelum</span> <span class='ocrx_word' id='word_1_382' title='bbox 1066 2902 1171 2932; x_wconf 87' lang='lat' dir='ltr'>caelum</span> <span class='ocrx_word' id='word_1_383' title='bbox 1347 2901 1452 2932; x_wconf 85' lang='lat' dir='ltr'>coelum</span> 
     </span>
    </p>
   </div>
   <div class='ocr_carea' id='block_1_48' title="bbox 1033 2896 1618 2977">
    <p class='ocr_par' dir='ltr' id='par_1_71' title="bbox 1033 2896 1618 2977">
     <span class='ocr_line' id='line_1_206' title="bbox 1033 2896 1618 2977; baseline 0 -30"><span class='ocrx_word' id='word_1_384' title='bbox 1033 2896 1618 2977; x_wconf 95' lang='lat' dir='ltr'>   </span> 
     </span>
    </p>
   </div>
  </div>
 </body>
</html>
