1967 3314
561 274 779 326 LIBRI
819 271 1175 323 SECUNDI.
1546 282 1639 321 225

1384 431 1424 450 EX
1437 432 1601 453 TYPOGRA-

498 459 621 479 PAULUS
636 458 771 479 FRmEN-
796 459 988 479 THEODORUS
1003 459 1044 478 DE

251 490 452 513 FERRANDUS.
1145 488 1257 508 Aans.
1354 484 1432 504 PHIA
1448 485 1628 508 SOCIETATIS

568 512 704 533 PERGER.
802 512 1037 533 RAGAzONXBL'S.

1395 538 1588 560 BIPONTINAE.

853 614 990 644 Venetiis.
1141 611 1280 644 Venetiis.

283 615 411 647 Brixiae.
572 618 702 649 Veronoe.

597 710 610 735 1
615 707 679 736 486.
882 708 894 732 1
899 707 967 736 495.

260 705 334 735 Sine
346 706 444 737 Anno.

235 794 326 824 libero
339 806 398 835 quo
412 795 490 826 volet
519 796 611 826 libero
625 807 685 836 quo
704 796 774 826 velit
805 792 877 822 liber
890 803 948 832 quo
962 793 1034 823 velit
1088 794 1162 824 liber
1170 805 1288 834 quoquo
1297 806 1344 824 ve-
1374 791 1448 821 liber
1459 803 1518 832 quo
1528 803 1630 832 pervo-

266 855 322 884 pse
552 845 617 885 ipse
837 843 904 883 ipse
1120 844 1156 874 lit
1168 845 1211 874 ire
1408 841 1451 871 let
1464 842 1529 882 ipse

234 899 335 934 partes
518 900 618 935 partes
803 898 906 932 partos
1090 894 1202 932 parteis
1375 892 1488 932 parteis

235 955 348 984 supque
518 955 666 984 superque
804 954 953 983 superque
1087 942 1166 972 infra
1179 954 1346 985 superaque
1375 943 1452 973 infra
1464 955 1630 984 superaque

237 993 330 1023 Nulla
343 999 390 1025 est
520 994 613 1024 Nulla
630 999 677 1024 est
805 994 899 1024 Nulla
911 999 958 1024 est
1088 993 1199 1024 nullast
1377 993 1516 1023 Nulla'st

234 1043 357 1084 ipsaque
519 1044 584 1084 ipsa
803 1045 869 1084 ipsa
1087 1045 1210 1085 ipsaque
1374 1043 1500 1082 ipsaque

235 1094 396 1133 putandum
414 1099 462 1124 est
518 1093 711 1132 putandumst
802 1096 995 1136 putandumst
1087 1094 1280 1132 putandumst
1374 1093 1578 1132 putandum'st

236 1144 374 1184 Undique
521 1144 664 1184 Undeque
803 1145 948 1184 Undeque
1090 1143 1229 1182 Undique
1375 1142 1512 1182 Undique

234 1204 300 1222 cum
521 1204 590 1232 qum
803 1204 872 1233 qum
1087 1203 1153 1221 cum
1372 1204 1439 1223 cum

234 1253 352 1272 vorsum
517 1253 636 1273 vorsum
802 1253 919 1273 vorsum
1087 1243 1205 1272 vorsum
1372 1253 1475 1273 vorsus

234 1293 264 1321 in
278 1304 398 1324 numero
517 1293 548 1322 in
562 1304 682 1323 nurnero
803 1294 832 1323 in
846 1304 970 1323 numero
1087 1292 1239 1323 innumero
1373 1295 1527 1324 innumero

233 1341 359 1372 volitent
518 1343 645 1373 volitant
802 1343 929 1373 volitant
1087 1342 1213 1372 volitent
1372 1344 1497 1374 volitent

232 1391 393 1430 caelnmque
517 1391 678 1431 caelumque
801 1392 962 1432 caelumque
1087 1393 1253 1432 caelumque
1371 1394 1535 1434 coelumque

232 1442 388 1481 presertim
516 1442 681 1480 praesertim
801 1442 957 1481 presertim
1086 1443 1251 1483 praesertim
1371 1446 1534 1485 praesertim

233 1496 344 1521 temere
517 1495 621 1520 tenere
802 1495 903 1520 tenere
1087 1498 1198 1523 temere
1370 1501 1482 1526 temere

233 1541 382 1571 incassum
517 1541 548 1570 in
567 1552 685 1571 cassum
803 1541 832 1570 in
846 1552 963 1572 cassum
1087 1543 1117 1572 in
1131 1554 1249 1573 cassum
1372 1546 1402 1575 in
1413 1556 1533 1576 cassum

233 1591 345 1620 frustra
358 1602 475 1630 quoque
512 1591 683 1631 frustraque
688 1592 774 1632 jacta
800 1592 970 1632 frustraque
974 1593 1058 1633 jacta
1086 1593 1196 1623 frustra
1215 1604 1332 1634 qnoque
1370 1595 1541 1634 frustraque
1560 1605 1610 1624 co-

261 1642 347 1681 jacta
1115 1642 1201 1682 jacta
1404 1650 1473 1674 acta

519 1695 655 1720 coartant

519 1750 576 1778 que

1371 1695 1536 1724 cooluerint

1372 1755 1438 1783 quae

1088 1692 1267 1723 coarctarint

1088 1753 1154 1782 quae

803 1697 939 1722 coartant

803 1753 860 1781 que

236 1692 396 1721 cohartant

232 1753 301 1781 quae

236 1802 273 1820 ex
286 1791 387 1820 ordine
518 1800 556 1818 ex
569 1789 672 1818 ordine
803 1802 839 1821 ex
853 1791 954 1821 ordine
1087 1792 1208 1822 exordia
1371 1793 1492 1823 exordia

236 1841 332 1870 Terra
519 1839 614 1869 Terra
785 1865 789 1868 .
801 1843 896 1872 Terra
1087 1843 1197 1871 Terra'i
1371 1843 1481 1872 Terra'i

235 1891 299 1920 caeli
518 1889 586 1918 caeli
802 1892 865 1921 caeli
1087 1894 1155 1923 caeli
1371 1893 1437 1922 coeli

235 1940 306 1970 talis
517 1940 587 1969 talis
802 1941 871 1971 talis
1086 1943 1173 1973 taleis
1371 1943 1458 1973 taleis

516 1994 669 2020 necessest
802 1996 951 2020 necessest
1371 1992 1536 2021 necesse'st

516 2049 694 2079 congressus

516 2090 670 2130 complexu

517 2151 582 2169 cum

235 2000 355 2019 necesse
365 1995 413 2020 est

233 2050 410 2080 congressus

234 2088 378 2128 complexi

233 2149 299 2168 cum

1087 1997 1239 2023 necessest

1086 2052 1264 2081 congressus

1085 2091 1238 2130 complexu

1085 2151 1173 2180 quem

801 2051 963 2081 cOngTeSllS
1369 2052 1547 2082 congressus

800 2090 956 2130 complexu

800 2152 869 2180 qum

1371 2092 1525 2132 complexu

1371 2152 1459 2181 quem

233 2200 299 2219 cum
516 2200 585 2229 qum
1086 2202 1152 2220 cum
1371 2202 1437 2220 cum

234 2240 308 2269 Cum
517 2239 591 2268 Cum
1087 2241 1161 2270 Cum
1371 2240 1445 2269 Cum

233 2294 335 2329 presto
516 2294 626 2330 praesto
1086 2295 1197 2331 praesto
1371 2295 1480 2329 praesto

235 2339 298 2379 geri
517 2339 582 2379 geri
1087 2352 1134 2381 ger
1141 2341 1151 2369 i
1370 2340 1439 2380 geni

235 2394 321 2418 tanta
335 2392 384 2418 est
517 2393 604 2418 tanta
617 2392 664 2418 est
802 2393 887 2418 tenta
899 2394 947 2417 est
1086 2395 1204 2420 tantast
1370 2390 1498 2420 tantast

236 2437 297 2467 Vis
519 2437 578 2466 Vis
804 2438 863 2468 Vis
1372 2439 1490 2478 Visque

235 2486 315 2515 deest
519 2485 600 2516 deest
803 2488 884 2517 deest
1371 2495 1402 2519 et

520 2541 618 2566 movet

520 2596 577 2624 que

235 2541 335 2566 monet

236 2595 305 2625 quae

803 2543 903 2568 movet
1370 2543 1471 2568 manet

803 2599 861 2628 que

1371 2600 1409 2628 ql]
1412 2600 1437 2618 ae

235 2647 300 2675 quae
520 2646 578 2674 que
804 2648 862 2677 que
1088 2648 1211 2676 quaeque
1371 2649 1498 2679 quaeque

236 2685 293 2714 huc
308 2689 378 2714 sunt
520 2686 578 2714 hnc
594 2684 658 2714 finit
804 2688 862 2717 huc
876 2687 948 2716 sinit
1089 2686 1137 2715 hic
1150 2686 1211 2716 sint
1371 2690 1429 2718 huc
1442 2694 1509 2719 sunt

236 2744 357 2763 necesse
368 2740 415 2765 est
520 2746 642 2765 necesse
657 2740 703 2765 est
804 2747 926 2766 necesso
939 2741 986 2766 est
1089 2740 1240 2767 necessest
1373 2738 1537 2769 necessest

236 2783 316 2813 orbis
520 2785 599 2814 orbis
805 2787 884 2816 orbis
1089 2786 1166 2815 orbis
1372 2788 1470 2817 orbeis

520 2840 626 2875 gentes

521 2885 601 2915 secla
805 2885 886 2915 secla

520 2940 553 2965 ut
806 2940 840 2965 ut

239 2994 323 3024 Vot..
343 2992 405 3025 IV.
807 2997 833 3026 F
848 2995 866 3025 f

805 2839 911 2877 gentes
1089 2837 1205 2876 genteis

1090 2886 1170 2915 secla

1372 2838 1490 2878 genteis

1372 2887 1461 2917 sam-la

1373 2942 1406 2966 ut

1090 2936 1133 2964 uti
