1967 3314
273 274 367 314 442
667 258 1293 310 ANNOTATIONES

437 402 503 431 258
529 395 704 430 Praeterea
720 406 784 440 pro
801 400 899 439 parte
916 403 979 427 sua
994 391 1228 438 quodcunque
1244 391 1324 434 alid,
1339 396 1442 436 auget

321 466 361 497 Ο.
379 464 479 497 Codd.
495 464 567 502 alit5
588 463 714 502 optime.
737 472 763 493 v.
781 465 853 492 221.
875 461 930 492 sed
945 460 1014 491 vide
1030 471 1057 491 v.
1072 464 1147 491 325.

442 569 508 598 29⁴1
534 562 709 607 Perpetuo
726 560 763 594 ni
778 559 979 606 suppeditet
994 558 1084 593 lucis
1099 563 1203 604 caput
1218 558 1344 604 ipsum.

324 638 349 668 1.
372 647 397 668 e.
421 638 513 667 Fons.
536 645 563 665 v.
581 638 652 665 282.
674 641 705 665 et
720 644 747 664 v.
764 636 836 664 271.

445 739 511 769 297
537 731 742 778 Fulguribus
758 730 902 776 pingues
919 729 1030 765 multa
1044 730 1184 775 caligine
1198 729 1302 771 tedae‚

324 807 481 848 Fuligine.

447 911 514 939 312
539 903 703 949 Denique
720 915 792 937 non
808 908 1036 938 monumenta
1051 901 1162 936 virum
1179 900 1312 946 dilapsa
1328 900 1485 936 videmus

537 967 674 1002 Cedere
689 977 873 1012 proporro,
887 965 1072 1011 subitoque
1090 975 1271 999 senescere
1289 960 1392 997 casu?

328 1038 404 1067 Duo
419 1036 509 1066 Vers.
526 1035 661 1066 Deiend.

448 1140 514 1168 336
539 1132 703 1178 Denique
719 1139 845 1167 natura
859 1131 936 1166 haec
953 1143 1080 1174 rerum,
1097 1131 1255 1177 ratioque
1273 1129 1457 1175 reperta’st

331 1203 373 1233 lit
388 1201 459 1232 vide
475 1201 548 1232 Vol.
570 1205 596 1232 l.
612 1212 682 1242 pag.
704 1205 729 1232 l.

452 1307 518 1334 363
545 1299 633 1344 Quis
649 1299 749 1334 locus
765 1306 819 1334 est
836 1311 906 1345 quo
923 1300 1101 1334 dissiliant.-
1129 1310 1242 1344 neque
1259 1308 1407 1343 corpora
1422 1300 1510 1338 sunt,
1525 1305 1603 1341 quae

331 1369 428 1410 Lege,
444 1368 592 1399 dissiliat:
610 1387 654 1392 —
668 1368 739 1398 sint.
756 1379 783 1399 v.
799 1372 871 1399 560.

454 1472 521 1502 375
546 1467 622 1501 Nec
639 1465 716 1508 soli,
732 1472 916 1511 terraeque,
932 1476 997 1499 nec
1014 1464 1094 1499 altis
1110 1464 1260 1509 aequoris
1277 1463 1395 1498 undis:

335 1536 429 1576 Lege,
445 1541 581 1566 terraeve.

456 1639 521 1668 376
548 1632 617 1666 Sed
634 1637 731 1677 patet
747 1632 892 1674 immani,
908 1637 944 1665 et
960 1636 1060 1665 vasto
1077 1636 1252 1676 respectat
1268 1629 1378 1664 hiatu.

337 1703 433 1743 Lege,
448 1702 596 1732 immane.

457 1807 524 1834 389
549 1798 804 1844 Nequicquam‚
821 1797 985 1844 quoniam
1002 1803 1180 1832 verrentes
1197 1808 1339 1843 aequora
1352 1796 1451 1832 venti

336 1869 420 1900 Vide
435 1880 463 1899 ν.
483 1872 556 1900 267.

460 1974 526 2001 398
552 1965 643 2000 Avia
658 1977 738 2000 cum
754 1964 977 2000 Phaethonta
994 1975 1102 2011 rapax
1118 1964 1170 1999 vis
1187 1964 1271 1999 solis
1287 1975 1466 2010 equorum.

342 2038 445 2067 Causa
459 2035 532 2065 ficta
549 2034 703 2065 Incendii.

462 2143 528 2172 407
556 2136 662 2181 Quod
680 2135 802 2181 procul
819 2147 839 2169 a
855 2135 980 2170 vera’st
996 2136 1097 2169 animi
1112 2135 1248 2169 ratione
1267 2135 1444 2180 repulsum

345 2207 431 2236 Vera
446 2206 540 2236 nimis
555 2212 610 2236 est.

464 2303 530 2330 408
557 2295 650 2341 Ignis
668 2295 760 2330 enim
777 2305 941 2340 superare
957 2301 1087 2339 potest,
1103 2294 1162 2329 ubi
1178 2294 1347 2329 materiai.

345 2369 359 2397 (
366 2369 448 2397 'ausa
463 2376 535 2396 vcra
552 2364 706 2396 Iucendii.

465 2474 533 2502 413
558 2468 609 2502 Ut
625 2466 762 2501 fama’st
777 2463 953 2508 hominum,
970 2465 1098 2500 multas
1114 2465 1256 2512 quando
1273 2465 1390 2500 obruit
1406 2466 1525 2508 urbeis,

346 2538 443 2577 Lege,
457 2537 624 2567 hominum
640 2536 756 2566 multas
771 2542 828 2566 etc.
844 2534 936 2565 delet.
952 2545 1031 2566 com.
1055 2535 1093 2566 Β.

348 2595 428 2626 Ibid.
451 2596 559 2626 urbeis.
594 2595 633 2631 Q.
660 2594 759 2625 codd.
785 2593 897 2631 undis;
920 2593 1016 2624 Isaac.
1036 2593 1170 2623 Vossius
1193 2593 1233 2623 ad
1259 2593 1434 2632 Catullum,
1458 2594 1562 2624 obruit
1576 2593 1692 2625 multas
1712 2595 1803 2626 hom-

304 2651 394 2681 inum
412 2650 447 2692 (i.
464 2661 490 2681 e.
505 2649 613 2689 culpus
627 2648 746 2680 mulctzi
760 2648 886 2690 dignas)
903 2648 1005 2679 undis.
1038 2648 1091 2679 En
1106 2658 1159 2679 cor
1176 2648 1338 2678 Zenodoti.
1379 2648 1467 2684 Quin
1482 2648 1602 2688 optime
1617 2659 1650 2680 se
1664 2650 1757 2681 habet
1774 2663 1808 2680 ‘re

308 2706 407 2736 urbest
436 2705 479 2736 sic
494 2715 523 2735 v.
541 2708 614 2735 545.

832 2767 925 2802 atque
941 2761 1056 2801 oppida
1071 2762 1274 2801 cooperuisse.

468 2871 531 2898 421
561 2864 695 2900 Ordine
711 2876 749 2899 se
766 2877 916 2910 quaeque,
932 2869 1032 2910 atque
1048 2864 1162 2910 sQaci
1179 2871 1296 2900 mente
1313 2863 1489 2899 locarunt:

351 2932 445 2964 MSS.
468 2944 501 2964 se
515 2944 572 2964 suo
588 2944 736 2974 quaeque3
758 2944 822 2975 sag.

998 2981 1016 3006 :3
