1967 3314
220 508 421 531 FERRANDUS.

205 813 350 842 cernimus

206 872 320 902 ungues

206 911 270 941 laeti

206 967 297 1001 atque

206 1013 303 1042 animo

207 1063 270 1091 haec

206 1112 311 1141 existit

207 1162 341 1192 habenda
354 1166 401 1191 cst

206 1214 300 1253 partis

205 1263 280 1292 adeo

206 1312 344 1341 diducere

206 1371 349 1400 nusquam
363 1364 411 1390 est

205 1410 340 1439 nimirum

207 1569 328 1588 necesse
341 1562 389 1587 est

207 1614 361 1638 contracta
374 1608 436 1637 suis
447 1618 462 1636 e

209 1657 321 1687 Deficit

208 1708 245 1736 ab

208 1762 358 1796 nequeunt

208 1807 360 1846 linguntur

209 1856 274 1894 quit

209 1916 263 1935 vas

209 1954 308 1994 potius

209 2004 370 2044 conjectius

209 2055 237 2083 ei

209 2104 328 2143 quando
347 2104 464 2144 quidem

209 2162 345 2182 connexu

210 2213 317 2242 corpus

211 2252 334 2281 adheret

212 2301 315 2331 innata

210 2350 346 2381 feruntur

211 2400 312 2430 vitalis

213 2449 333 2478 avulsus

213 2499 360 2528 radicibus

214 2548 303 2578 ullam

213 2601 315 2630 oculus
334 2602 399 2642 ipse

214 2652 330 2681 videtur

213 2701 328 2730 mixtim

212 2750 372 2780 dissultare

213 2805 369 2830 moventur

213 2849 293 2879 haud

213 2909 330 2928 movere

214 2949 341 2979 animam
360 2949 433 2980 serit

570 298 781 347 LIBRI
835 296 1124 346 TERTII.

470 479 592 499 PAULUS
605 479 742 499 FRIDEN-
766 480 958 501 THEODORUS
974 480 1015 499 DE

533 533 668 554 PERGER.

489 813 632 843 terminus

489 874 604 904 ungues

490 913 550 942 laeti

490 967 579 1001 atque

490 1012 587 1041 animo

491 1062 553 1090 haee

489 1110 595 1140 existit

489 1160 655 1189 habendast

489 1210 583 1248 partis

490 1258 564 1286 adeo

490 1308 633 1337 deducere

490 1367 635 1395 nusquam
650 1361 697 1387 est

491 1406 628 1435 nimirum

491 1456 593 1485 niterit

491 1507 616 1540 Quando

491 1562 643 1586 necessest

491 1612 645 1636 contracta
658 1606 719 1636 suis
730 1617 746 1635 e

495 1656 615 1685 Defficit

494 1706 531 1734 ab

494 1758 644 1794 nequeunt

495 1804 647 1844 linguntur

495 1854 560 1892 quit

496 1914 549 1934 nos

495 1954 594 1993 potius

495 2003 687 2033 connectivus

495 2054 523 2082 ei

495 2104 614 2142 quando
625 2104 742 2144 quidem

496 2163 630 2183 connexu

496 2213 603 2243 corpus

496 2253 620 2283 adheret

497 2304 599 2334 vivata

495 2352 629 2383 feruntur

497 2402 597 2432 vitalis

497 2453 619 2482 avulsus

497 2502 646 2531 radicibus

498 2550 579 2580 illam

499 2600 600 2630 oculus
614 2600 678 2640 ipse

501 2651 615 2680 videtur

500 2701 618 2730 mixtim

499 2751 661 2781 dissolvere

499 2805 653 2831 moventur

500 2856 552 2881 aut

500 2911 618 2930 movere

498 2951 624 2981 animam
638 2950 711 2981 serit

772 534 1009 554 RAGAZONIBUS.

773 814 919 844 cernimus

773 875 887 904 ungues

774 914 839 943 laeti

773 969 863 1003 atque

774 1013 871 1042 animo

773 1064 836 1092 haec

772 1112 877 1142 existit

771 1162 938 1192 habendast

773 1212 868 1251 partis

773 1263 847 1291 adeo

774 1311 918 1340 deducere

774 1372 917 1399 nusquam
932 1366 979 1390 est

774 1410 855 1439 nimir
861 1421 909 1439 um

774 1459 876 1489 niterit

775 1509 902 1542 Quando

776 1563 927 1588 necessest

775 1612 928 1637 contracta
941 1608 1003 1637 suis
1014 1619 1029 1637 e

777 1659 898 1688 Defficit

777 1709 814 1737 ab

777 1762 926 1797 nequeunt

778 1808 949 1847 linquuntur

779 1857 850 1896 quid

780 1918 835 1937 nos

780 1959 879 1998 potius

780 2007 971 2037 connectivus

780 2056 807 2085 ei

781 2105 898 2144 quando
918 2105 1033 2145 quidem

782 2166 915 2193 connexu

781 2216 888 2246 corpus

782 2256 906 2286 adheret

782 2305 882 2334 vivata

781 2354 915 2384 feruntur

783 2403 883 2434 vitalis

783 2453 894 2482 avulsis

783 2502 930 2531 radicibus

783 2551 864 2580 illam

783 2600 884 2630 oculus
898 2600 962 2641 ipse

785 2650 901 2680 videtur

784 2700 898 2731 mixtim

785 2750 950 2780 dissolvere

785 2805 941 2831 moventur

785 2855 838 2881 aut

786 2911 903 2931 movere

786 2950 912 2981 animam
925 2950 998 2982 serit

1118 510 1231 531 ALDUS.

1059 815 1204 845 cernimus

1060 875 1174 904 ungues

1060 914 1111 944 leti

1059 969 1149 1004 atque

1059 1014 1156 1043 animo

1061 1065 1125 1094 haeo

1063 1113 1166 1143 existit

1063 1162 1229 1192 habendast

1063 1212 1175 1251 parteis

1062 1263 1136 1292 adeo

1061 1313 1207 1342 deducere

1061 1367 1236 1401 nusquamst

1061 1412 1194 1441 nimirum

1060 1461 1161 1491 interit

1059 1511 1139 1546 Quin

1061 1567 1212 1592 necessest

1060 1616 1215 1641 contracta
1228 1611 1291 1641 suis
1301 1623 1317 1641 e

1062 1661 1173 1690 Deficit

1060 1711 1098 1739 ab

1061 1765 1212 1800 nequeunt

1062 1809 1232 1849 linquuntur

1062 1859 1127 1898 quit

1063 1919 1116 1938 vas

1064 1957 1161 1997 potius

1065 2007 1249 2047 conjunctius

1065 2068 1092 2086 el

1064 2106 1299 2146 quandoquidem

1066 2166 1199 2186 connexu

1066 2216 1172 2247 corpus

1067 2255 1199 2285 adhaeret

1067 2305 1095 2334 vi
1100 2309 1170 2334 vata

1065 2354 1204 2384 fruuntur

1067 2403 1167 2432 vitalis

1067 2453 1176 2482 avolsis

1067 2503 1215 2542 radicibus

1068 2553 1158 2582 ullam

1068 2603 1131 2642 ipse
1144 2603 1246 2633 oculus

1069 2652 1184 2681 videtur

1069 2702 1179 2732 mistim

1070 2751 1229 2781 dissultare

1068 2802 1226 2831 movebunt

1071 2851 1151 2881 haud

1070 2912 1186 2931 movere

1071 2951 1197 2980 animam
1210 2954 1292 2981 serat

1515 309 1615 354 247

1355 458 1395 477 Ex
1405 459 1570 481 TYPOGRA-

1327 511 1404 530 PHIA
1420 512 1598 534 SOCIETATIS

1366 566 1560 586 mPON'mNAE.

184 605 1601 616 ----

188 695 1600 705 fflfflssa

160 784 1600 796 ..wW*

1343 815 1490 845 cernimus

1342 865 1468 905 ungueis

1342 914 1417 944 lethi

1344 963 1427 1002 atqui

1344 1012 1448 1042 animae

1345 1061 1426 1091 deest

1346 1112 1466 1141 exsistit

1347 1161 1524 1191 habenda'st

1347 1211 1458 1250 parteis

1346 1260 1412 1289 ideo

1345 1309 1488 1338 deducere

1345 1357 1531 1396 nusquam'st

1345 1406 1490 1436 mimirum

1345 1455 1448 1485 interit

1345 1505 1425 1539 Quin

1347 1556 1510 1586 necesse'st

1345 1607 1506 1637 contractis
1519 1608 1549 1637 iu
1567 1617 1582 1638 s

1348 1656 1459 1686 Deficit

1345 1716 1364 1734 a

1346 1760 1493 1794 nequeant

1345 1805 1516 1844 linquuntur

1345 1855 1410 1893 quit

1346 1914 1399 1934 vas

1347 1954 1426 1993 potis
1439 1964 1472 1984 es

1347 2004 1531 2044 conjunctius

1348 2054 1387 2083 eii

1347 2104 1583 2144 quandoquidem

1349 2164 1499 2183 connexus

1348 2204 1464 2243 corpori

1350 2253 1482 2282 adhaeret

1350 2303 1451 2332 vivata

1349 2353 1486 2383 fruuntur

1350 2404 1467 2434 vitaleis

1350 2454 1469 2482 avolsus

1350 2503 1492 2533 radicitus

1350 2552 1439 2582 ullam

1351 2602 1413 2641 ipse
1426 2601 1529 2631 oculus

1351 2651 1488 2681 videntur

1352 2701 1462 2730 mistim

1351 2752 1510 2782 dissultare

1351 2805 1505 2831 moventur

1352 2851 1432 2880 haud

1352 2901 1462 2931 moveri

1353 2951 1486 2981 animans
1499 2950 1556 2981 erit
