1967 3314
334 273 427 313 348
612 263 1071 314 VARIANTES
1112 265 1550 316 LECTIONES

1601 427 1620 446 E
1624 426 1642 446 X
1653 427 1670 446 T
1674 427 1816 447 YPOGRA-

1374 480 1486 502 Annus.
1575 480 1652 500 rum
1668 481 1819 501 socmrxt

726 445 847 466 PAULUS
860 446 996 467 pamm<-
1021 447 1212 469 :tutonmws
1227 449 1268 468 DE

794 500 930 521 PERGER.
1028 501 1262 522 RAGAZONIBL'S·

478 477 679 498 rzmusnus.

1615 535 1644 554 m
1649 535 1808 555 Pox‘rnuss.

518 600 647 631 Brixiae.
800 603 928 635 mmm,
1077 603 1213 634 Venetiis.
1283 586 1288 666 Ι
1360 606 1499 637 venetiis.

824 696 906 726 1486.
1106 697 1188 725 1495.
1283 672 1288 750 Ι
1387 701 1467 727 1500.

464 780 557 810 videri
746 785 838 814 videri
1029 781 1121 811 videri
1309 785 1408 814 videre

463 831 558 860 omnis
744 833 840 862 omnis
1029 832 1122 861 omnis
1309 835 1420 865 omneis

463 880 582 920 placata
746 881 863 921 placata
1028 881 1146 920 placata
1309 885 1427 923 placata

464 941 530 960 cum
745 940 814 969 qum
1029 940 1097 968 qum
1309 943 1375 962 cum

463 979 586 1008 celestia
744 979 874 1010 caelestia
1029 979 1163 1009 caelestia
1310 981 1441 1011 caelestia

460 1028 622 1067 stellasque
743 1029 905 1070 stellasque
1028 1027 1189 1067 stellasque
1309 1029 1463 1069 stellisque
1590 1028 1744 1069 stellisque

462 1076 608 1106 icantibus
745 1079 918 1111 mir-antibus
1027 1077 1200 1108 mirantibus
1310 1079 1484 1109 micantibus
1591 1080 1766 1110 micantibus

462 1127 566 1156 ethera
744 1130 855 1160 aethera
1026 1127 1141 1156 aethera
1309 1129 1421 1158 aethera
1590 1129 1702 1159 aethera

462 1181 581 1216 pectore
743 1184 863 1218 pectora
1026 1180 1146 1214 pectora
1310 1183 1428 1217 pectore
1590 1184 1710 1220 pectore

464 1225 513 1254 Ne
525 1234 594 1264 quae
746 1228 795 1258 Ne
807 1240 864 1268 que
1026 1225 1076 1254 Ne
1089 1236 1154 1265 quae
1311 1226 1351 1256 Et
1365 1238 1430 1266 quae
1592 1230 1703 1269 Ecquae

460 1285 526 1313 quae
744 1289 801 1317 que
1024 1285 1095 1314 quae
1309 1288 1375 1316 quae
1591 1290 1657 1319 quae

461 1326 569 1364 sydera
743 1328 841 1358 sidera
1023 1325 1130 1364 sydera
1308 1328 1406 1358 sidera
1589 1329 1687 1359 sidera

462 1373 604 1413 Temptat
743 1377 885 1417 Temptat
1023 1374 1165 1414 Temptat
1309 1377 1421 1408 Tentat
1589 1378 1702 1408 Tentat

459 1428 581 1463 egestas
742 1433 873 1467 aegestas
1023 1428 1151 1462 aegestas
1307 1432 1426 1467 egestas
1588 1431 1707 1468 egestas

463 1474 504 1503 Et
518 1483 586 1512 quae
601 1484 667 1503 nam
744 1476 785 1505 Et
798 1487 864 1515 quae
877 1488 943 1507 nam
1025 1472 1066 1502 Et
1079 1483 1144 1512 quae
1157 1483 1224 1503 narn
1307 1477 1347 1506 Et
1361 1488 1426 1516 quae
1441 1488 1508 1507 nam
1589 1477 1767 1516 Ecquaenam

342 1530 406 1554 101⁶
461 1527 492 1552 et
505 1532 572 1561 quae
742 1531 773 1556 et
788 1538 843 1566 que
1023 1527 1054 1552 et
1067 1534 1133 1562 quae
1305 1531 1336 1555 et
1348 1537 1414 1566 quas
1587 1537 1689 1566 ecquae

461 1582 519 1611 quo
532 1573 570 1601 ad
742 1585 800 1614 quo
811 1576 849 1605 ad
1023 1583 1081 1612 quo
1093 1575 1131 1603 ad
1305 1576 1401 1615 quoad
1587 1576 1684 1615 quoad

461 1632 557 1650 mema
742 1635 848 1655 moema
1022 1633 1130 1653 moema
1305 1635 1413 1654 moema
1587 1634 1694 1653 moerua

461 1671 546 1700 taciti
743 1674 827 1704 taciti
1022 1672 1108 1701 taciti
1307 1675 1383 1705 tanti
1587 1673 1664 1703 tanti

461 1721 538 1750 vires
744 1725 806 1755 vies
1023 1722 1100 1752 vires
1306 1724 1394 1755 vireis
1588 1723 1677 1753 vireis

462 1781 519 1800 [1οΠ

742 1785 818 1805 nova
1023 1781 1100 1800 l'lOVa
1305 1785 1363 1804 non
1588 1783 1645 1802 non

461 1820 576 1850 animus
743 1825 829 1855 nimis
1024 1821 1111 1850 nimis
1305 1825 1419 1856 animus
1587 1822 1702 1852 animus

460 1875 617 1910 correpunt
743 1879 899 1914 correpunt
1023 1875 1180 1910 correpunt
1306 1880 1468 1915 oonrepunt
1589 1875 1753 1912 courepuut

461 1931 527 1950 eum
743 1923 822 1953 deest
1024 1919 1104 1948 deeSt
1305 1923 1387 1953 deest
1588 1921 1668 1951 deest

461 1969 564 2000 caelum
741 1973 843 2003 caelum
1023 1971 1126 2000 caelum
1305 1973 1407 2003 caelum
1589 1971 1693 2002 coelum

461 2019 609 2059 Corripuit
742 2023 911 2063 Corripiunt
1024 2020 1191 2060 Corripiunt
1305 2023 1466 2063 corripiunt
1518 2050 1523 2062 Ι
1589 2022 1763 2062 Conripiunt

460 2070 593 2109 percussi
743 2073 873 2111 percussi
1024 2070 1155 2109 percussi
1306 2073 1438 2113 percussi
1588 2072 1715 2111 perculsi

461 2118 622 2149 admissum
742 2122 779 2150 ad
792 2122 913 2152 missum
1025 2120 1062 2148 ad
1076 2120 1197 2150 missum
1306 2122 1465 2152 admissum
1587 2121 1747 2150 admissum

462 2167 528 2198 fede
742 2170 818 2200 soede
1024 2168 1099 2197 soede
1307 2170 1382 2200 soede
1587 2171 1662 2201 foede
1681 2175 1692 2190 '-

460 2218 586 2257 superbe
742 2221 875 2260 superbae
1024 2219 1159 2257 superba:
1305 2221 1429 2260 superbe
1587 2221 1712 2261 superbe

460 2266 497 2295 ad
509 2271 608 2296 actum
741 2269 779 2299 ad
792 2275 910 2300 auctum
1023 2267 1061 2296 ad
1074 2272 1191 2297 auctum
1305 2271 1441 2299 adactum
1586 2271 1721 2300 adactum

462 2315 609 2346 Summem
743 2319 860 2348 Summe
1025 2316 1141 2346 Summe
1307 2320 1425 2350 Summa
1589 2320 1707 2349 Summa

459 2365 569 2396 clausis
741 2367 847 2398 classis
1022 2365 1126 2395 classis
1304 2370 1408 2400 classis
1586 2369 1690 2399 classis

459 2426 578 2455 aequora
741 2417 854 2447 aethera
1023 2416 1138 2445 aethera
1304 2420 1419 2450 aethera
1586 2429 1708 2458 oequom

460 2466 550 2496 verrit
742 2466 832 2496 vertit
1023 2466 1115 2495 vertit.
1303 2469 1395 2499 verrit
1586 2468 1675 2498 vertit

459 2515 542 2545 adita
740 2516 831 2556 adyta
1022 2515 1114 2555 adyta
1302 2518 1366 2548 adit
1585 2518 1649 2548 adit

740 2564 821 2594 deest
1022 2565 1103 2594 deest
1302 2578 1337 2597 ac
1585 2580 1621 2599 ac

459 2565 539 2596 deest

461 2626 546 2655 prece
742 2625 883 2655 preceque
1023 2623 1179 2654 praeceque
1303 2628 1390 2658 prece
1585 2629 1672 2658 prece

459 2665 588 2703 quesivit
741 2665 782 2695 sit
1022 2664 1063 2693 sit
1302 2678 1368 2707 quae
1379 2667 1420 2697 sit
1585 2668 1695 2708 quaesit

460 2720 611 2744 ventorum
742 2714 905 2744 Veniorum
1024 2714 1186 2744 Veniomm
1302 2722 1455 2748 ventorum
1585 2722 1735 2748 ventorum

462 2762 666 2803 Nequicquam
742 2765 790 2794 Ne
809 2765 946 2805 quiquam
1024 2764 1073 2794 Ne
1086 2765 1224 2804 quiquam
1304 2767 1354 2797 Ne
1367 2768 1520 2808 quicquam
1585 2766 1792 2806 Nequidquam

460 2812 618 2853 Correptus
741 2816 751 2841 (
755 2815 906 2854 *surreptus
1022 2815 1186 2855 Conreptus
1303 2819 1468 2857 Conreptus
1584 2818 1747 2857 Conreptus

457 2873 535 2902 aqua
739 2875 816 2902 aqua
1021 2877 1099 2905 aqua
1302 2866 1339 2896 ad
1353 2866 1429 2896 vada
1583 2866 1620 2896 ad
1634 2866 1710 2897 vada

458 2912 548 2943 daleti
737 2913 828 2945 ‹ialeu'
1020 2915 1110 2946 daleti
1301 2915 1365 2945 laeti
1584 2915 1657 2946 lethi
