<?xml version="1.0" encoding="UTF-8"?>
<!DOCTYPE html PUBLIC "-//W3C//DTD XHTML 1.0 Transitional//EN"
    "http://www.w3.org/TR/xhtml1/DTD/xhtml1-transitional.dtd">
<html xmlns="http://www.w3.org/1999/xhtml" xml:lang="en" lang="en">
 <head>
  <title>
</title>
<meta http-equiv="Content-Type" content="text/html;charset=utf-8" />
  <meta name='ocr-system' content='tesseract 3.04.00' />
  <meta name='ocr-capabilities' content='ocr_page ocr_carea ocr_par ocr_line ocrx_word'/>
</head>
<body>
  <div class='ocr_page' id='page_1' title='image "./tlucretiicarider04lucruoft_0493.png"; bbox 0 0 1967 3314; ppageno 0'>
   <div class='ocr_carea' id='block_1_1' title="bbox 506 217 1638 274">
    <p class='ocr_par' dir='ltr' id='par_1_1' title="bbox 506 217 1638 274">
     <span class='ocr_line' id='line_1_1' title="bbox 506 217 1638 274; baseline -0.004 0"><span class='ocrx_word' id='word_1_1' title='bbox 506 223 843 274; x_wconf 85' lang='lat' dir='ltr'><strong>RICARDI</strong></span> <span class='ocrx_word' id='word_1_2' title='bbox 891 217 1276 270; x_wconf 90' lang='lat' dir='ltr'>BENTLEII.</span> <span class='ocrx_word' id='word_1_3' title='bbox 1545 229 1638 269; x_wconf 82' lang='lat'><strong>453</strong></span> 
     </span>
    </p>
   </div>
   <div class='ocr_carea' id='block_1_2' title="bbox 191 352 1277 465">
    <p class='ocr_par' dir='ltr' id='par_1_2' title="bbox 191 352 1277 465">
     <span class='ocr_line' id='line_1_2' title="bbox 312 352 1277 404; baseline -0.008 -9"><span class='ocrx_word' id='word_1_4' title='bbox 312 365 380 395; x_wconf 83' lang='lat'><strong>465</strong></span> <span class='ocrx_word' id='word_1_5' title='bbox 403 358 602 402; x_wconf 85' lang='lat' dir='ltr'><strong>Condensa,</strong></span> <span class='ocrx_word' id='word_1_6' title='bbox 618 370 659 393; x_wconf 90' lang='lat' dir='ltr'><strong>ac</strong></span> <span class='ocrx_word' id='word_1_7' title='bbox 675 356 802 404; x_wconf 84' lang='lat' dir='ltr'><strong>stipata</strong></span> <span class='ocrx_word' id='word_1_8' title='bbox 818 355 919 392; x_wconf 86' lang='lat' dir='ltr'><strong>simul</strong></span> <span class='ocrx_word' id='word_1_9' title='bbox 937 359 1136 396; x_wconf 84' lang='lat' dir='ltr'><strong>cernantur,</strong></span> <span class='ocrx_word' id='word_1_10' title='bbox 1153 359 1189 389; x_wconf 89' lang='lat' dir='ltr'><strong>et</strong></span> <span class='ocrx_word' id='word_1_11' title='bbox 1204 352 1277 388; x_wconf 86' lang='lat' dir='ltr'><strong>udo</strong></span> 
     </span>
     <span class='ocr_line' id='line_1_3' title="bbox 191 434 354 465; baseline -0.006 0"><span class='ocrx_word' id='word_1_12' title='bbox 191 435 234 465; x_wconf 83' lang='grc' dir='ltr'><strong>Ο.</strong></span> <span class='ocrx_word' id='word_1_13' title='bbox 254 434 354 464; x_wconf 88' lang='lat' dir='ltr'><strong>MSS.</strong></span> 
     </span>
    </p>
   </div>
   <div class='ocr_carea' id='block_1_3' title="bbox 361 511 1173 607">
    <p class='ocr_par' dir='ltr' id='par_1_3' title="bbox 361 511 1173 607">
     <span class='ocr_line' id='line_1_4' title="bbox 361 511 1173 558; baseline -0.009 -10"><span class='ocrx_word' id='word_1_14' title='bbox 361 518 405 549; x_wconf 85' lang='lat' dir='ltr'><strong>Et</strong></span> <span class='ocrx_word' id='word_1_15' title='bbox 417 517 575 548; x_wconf 86' lang='lat' dir='ltr'><strong>condensa</strong></span> <span class='ocrx_word' id='word_1_16' title='bbox 590 523 682 558; x_wconf 83' lang='lat' dir='ltr'><strong>atque</strong></span> <span class='ocrx_word' id='word_1_17' title='bbox 696 522 762 548; x_wconf 79' lang='lat' dir='ltr'><strong>arta</strong></span> <span class='ocrx_word' id='word_1_18' title='bbox 776 524 934 555; x_wconf 84' lang='lat' dir='ltr'><strong>apparere,</strong></span> <span class='ocrx_word' id='word_1_19' title='bbox 950 519 982 544; x_wconf 87' lang='lat' dir='ltr'><strong>et</strong></span> <span class='ocrx_word' id='word_1_20' title='bbox 996 511 1092 543; x_wconf 86' lang='lat' dir='ltr'><strong>simul</strong></span> <span class='ocrx_word' id='word_1_21' title='bbox 1104 511 1173 552; x_wconf 86' lang='lat' dir='ltr'><strong>ipso</strong></span> 
     </span>
     <span class='ocr_line' id='line_1_5' title="bbox 364 576 501 607; baseline 0 0"><span class='ocrx_word' id='word_1_22' title='bbox 364 576 501 607; x_wconf 77' lang='lat' dir='ltr'><strong>Venice.</strong></span> 
     </span>
    </p>
   </div>
   <div class='ocr_carea' id='block_1_4' title="bbox 193 679 1486 801">
    <p class='ocr_par' dir='ltr' id='par_1_4' title="bbox 193 679 1486 801">
     <span class='ocr_line' id='line_1_6' title="bbox 315 679 1486 730; baseline -0.004 -11"><span class='ocrx_word' id='word_1_23' title='bbox 315 691 377 720; x_wconf 88' lang='lat'><strong>501</strong></span> <span class='ocrx_word' id='word_1_24' title='bbox 407 686 515 719; x_wconf 82' lang='lat' dir='ltr'><em>Sudor</em></span> <span class='ocrx_word' id='word_1_25' title='bbox 530 685 578 719; x_wconf 87' lang='lat' dir='ltr'><strong>ite</strong></span> <span class='ocrx_word' id='word_1_26' title='bbox 595 692 700 730; x_wconf 87' lang='lat' dir='ltr'><strong>atque</strong></span> <span class='ocrx_word' id='word_1_27' title='bbox 715 683 844 718; x_wconf 86' lang='lat' dir='ltr'><strong>humor</strong></span> <span class='ocrx_word' id='word_1_28' title='bbox 859 681 1056 728; x_wconf 88' lang='lat' dir='ltr'><strong>quicunque</strong></span> <span class='ocrx_word' id='word_1_29' title='bbox 1074 687 1130 716; x_wconf 60' lang='lat' dir='ltr'><strong>est</strong></span> <span class='ocrx_word' id='word_1_30' title='bbox 1146 679 1297 726; x_wconf 82' lang='lat' dir='ltr'><strong>denique</strong></span> <span class='ocrx_word' id='word_1_31' title='bbox 1312 679 1486 715; x_wconf 86' lang='lat' dir='ltr'><strong>membris.</strong></span> 
     </span>
     <span class='ocr_line' id='line_1_7' title="bbox 193 738 1290 801; baseline -0.005 -11"><span class='ocrx_word' id='word_1_32' title='bbox 193 759 283 801; x_wconf 80' lang='lat' dir='ltr'><strong>Lego</strong></span> <span class='ocrx_word' id='word_1_33' title='bbox 298 758 396 790; x_wconf 82' lang='lat' dir='ltr'><strong>Udor.</strong></span> <span class='ocrx_word' id='word_1_34' title='bbox 412 759 449 789; x_wconf 85' lang='grc' dir='ltr'><strong>Β.</strong></span> <span class='ocrx_word' id='word_1_35' title='bbox 467 758 535 789; x_wconf 75' lang='lat' dir='ltr'><strong>vide</strong></span> <span class='ocrx_word' id='word_1_36' title='bbox 549 758 601 788; x_wconf 85' lang='lat' dir='ltr'><strong>lib.</strong></span> <span class='ocrx_word' id='word_1_37' title='bbox 620 758 668 789; x_wconf 88' lang='lat'><strong>11.</strong></span> <span class='ocrx_word' id='word_1_38' title='bbox 685 768 711 788; x_wconf 81' lang='lat' dir='ltr'><strong>v.</strong></span> <span class='ocrx_word' id='word_1_39' title='bbox 728 761 799 788; x_wconf 87' lang='lat'>464.</span> <span class='ocrx_word' id='word_1_40' title='bbox 1279 738 1290 751; x_wconf 82' lang='lat'><strong>⁰</strong></span> 
     </span>
    </p>
   </div>
   <div class='ocr_carea' id='block_1_5' title="bbox 315 864 1375 964">
    <p class='ocr_par' dir='ltr' id='par_1_5' title="bbox 315 864 1375 964">
     <span class='ocr_line' id='line_1_8' title="bbox 315 864 1375 912; baseline -0.005 -10"><span class='ocrx_word' id='word_1_41' title='bbox 315 875 381 902; x_wconf 89' lang='lat'><strong>506</strong></span> <span class='ocrx_word' id='word_1_42' title='bbox 407 867 557 902; x_wconf 87' lang='lat' dir='ltr'><strong>Tollitur</strong></span> <span class='ocrx_word' id='word_1_43' title='bbox 572 867 609 901; x_wconf 89' lang='lat' dir='ltr'><strong>in</strong></span> <span class='ocrx_word' id='word_1_44' title='bbox 625 865 762 902; x_wconf 86' lang='lat' dir='ltr'><strong>nubeis:</strong></span> <span class='ocrx_word' id='word_1_45' title='bbox 789 877 860 912; x_wconf 92' lang='lat' dir='ltr'><strong>quo</strong></span> <span class='ocrx_word' id='word_1_46' title='bbox 878 876 958 901; x_wconf 89' lang='lat' dir='ltr'><strong>cum</strong></span> <span class='ocrx_word' id='word_1_47' title='bbox 973 865 1054 899; x_wconf 78' lang='lat' dir='ltr'><strong>bene</strong></span> <span class='ocrx_word' id='word_1_48' title='bbox 1069 864 1191 899; x_wconf 75' lang='lat' dir='ltr'><strong>semina</strong></span> <span class='ocrx_word' id='word_1_49' title='bbox 1207 873 1375 909; x_wconf 84' lang='lat' dir='ltr'><strong>aquarum</strong></span> 
     </span>
     <span class='ocr_line' id='line_1_9' title="bbox 410 930 530 964; baseline -0.008 0"><span class='ocrx_word' id='word_1_50' title='bbox 410 930 530 964; x_wconf 77' lang='lat' dir='ltr'><strong>Mzdta</strong></span> 
     </span>
    </p>
   </div>
   <div class='ocr_carea' id='block_1_6' title="bbox 198 998 630 1030">
    <p class='ocr_par' dir='ltr' id='par_1_6' title="bbox 198 998 630 1030">
     <span class='ocr_line' id='line_1_10' title="bbox 198 998 630 1030; baseline -0.002 -1"><span class='ocrx_word' id='word_1_51' title='bbox 198 998 225 1029; x_wconf 72' lang='grc' dir='ltr'><strong>Ι,</strong></span> <span class='ocrx_word' id='word_1_52' title='bbox 242 1009 266 1030; x_wconf 87' lang='lat' dir='ltr'><strong>e.</strong></span> <span class='ocrx_word' id='word_1_53' title='bbox 285 998 414 1029; x_wconf 86' lang='lat' dir='ltr'><strong>Semina</strong></span> <span class='ocrx_word' id='word_1_54' title='bbox 428 999 507 1029; x_wconf 87' lang='lat' dir='ltr'><strong>bene</strong></span> <span class='ocrx_word' id='word_1_55' title='bbox 521 998 630 1029; x_wconf 79' lang='lat' dir='ltr'><strong>multa.</strong></span> 
     </span>
    </p>
   </div>
   <div class='ocr_carea' id='block_1_7' title="bbox 532 949 622 956">
    <p class='ocr_par' dir='ltr' id='par_1_7' title="bbox 532 949 622 956">
     <span class='ocr_line' id='line_1_11' title="bbox 532 949 622 956; baseline 0 0"><span class='ocrx_word' id='word_1_56' title='bbox 532 949 622 956; x_wconf 95' lang='lat' dir='ltr'><strong> </strong></span> 
     </span>
    </p>
   </div>
   <div class='ocr_carea' id='block_1_8' title="bbox 320 1106 1356 1153">
    <p class='ocr_par' dir='ltr' id='par_1_8' title="bbox 320 1106 1356 1153">
     <span class='ocr_line' id='line_1_12' title="bbox 320 1106 1356 1153; baseline -0.001 -10"><span class='ocrx_word' id='word_1_57' title='bbox 320 1114 385 1143; x_wconf 88' lang='lat'><strong>516</strong></span> <span class='ocrx_word' id='word_1_58' title='bbox 410 1108 482 1143; x_wconf 90' lang='lat' dir='ltr'><strong>Sed</strong></span> <span class='ocrx_word' id='word_1_59' title='bbox 498 1107 685 1143; x_wconf 84' lang='lat' dir='ltr'><strong>vehemens</strong></span> <span class='ocrx_word' id='word_1_60' title='bbox 701 1107 810 1142; x_wconf 85' lang='lat' dir='ltr'>imber</span> <span class='ocrx_word' id='word_1_61' title='bbox 825 1108 876 1150; x_wconf 89' lang='lat' dir='ltr'><strong>fit,</strong></span> <span class='ocrx_word' id='word_1_62' title='bbox 892 1107 951 1141; x_wconf 90' lang='lat' dir='ltr'><strong>ubi</strong></span> <span class='ocrx_word' id='word_1_63' title='bbox 966 1106 1192 1142; x_wconf 82' lang='lat' dir='ltr'><strong>vehementer</strong></span> <span class='ocrx_word' id='word_1_64' title='bbox 1206 1112 1356 1153; x_wconf 87' lang='lat' dir='ltr'><strong>utroque</strong></span> 
     </span>
    </p>
   </div>
   <div class='ocr_carea' id='block_1_9' title="bbox 155 1179 1648 1270">
    <p class='ocr_par' dir='ltr' id='par_1_9' title="bbox 155 1179 1648 1270">
     <span class='ocr_line' id='line_1_13' title="bbox 198 1179 1648 1223; baseline -0.001 -10"><span class='ocrx_word' id='word_1_65' title='bbox 198 1184 237 1219; x_wconf 83' lang='lat' dir='ltr'><strong>Q.</strong></span> <span class='ocrx_word' id='word_1_66' title='bbox 255 1182 351 1213; x_wconf 85' lang='lat' dir='ltr'><strong>MSS.</strong></span> <span class='ocrx_word' id='word_1_67' title='bbox 374 1181 534 1223; x_wconf 81' lang='lat' dir='ltr'><strong>utrinque3</strong></span> <span class='ocrx_word' id='word_1_68' title='bbox 556 1180 647 1212; x_wconf 69' lang='lat' dir='ltr'><strong>recte.</strong></span> <span class='ocrx_word' id='word_1_69' title='bbox 674 1180 745 1212; x_wconf 79' lang='lat' dir='ltr'><strong>scil.</strong></span> <span class='ocrx_word' id='word_1_70' title='bbox 761 1191 895 1221; x_wconf 86' lang='lat' dir='ltr'><strong>superne</strong></span> <span class='ocrx_word' id='word_1_71' title='bbox 910 1180 940 1210; x_wconf 80' lang='lat' dir='ltr'><strong>vi</strong></span> <span class='ocrx_word' id='word_1_72' title='bbox 959 1186 990 1210; x_wconf 87' lang='lat' dir='ltr'><strong>et</strong></span> <span class='ocrx_word' id='word_1_73' title='bbox 1003 1179 1092 1220; x_wconf 86' lang='lat' dir='ltr'><strong>copia</strong></span> <span class='ocrx_word' id='word_1_74' title='bbox 1107 1180 1305 1219; x_wconf 86' lang='lat' dir='ltr'><strong>nimborum;</strong></span> <span class='ocrx_word' id='word_1_75' title='bbox 1330 1186 1361 1212; x_wconf 82' lang='lat' dir='ltr'><strong>et</strong></span> <span class='ocrx_word' id='word_1_76' title='bbox 1375 1181 1466 1212; x_wconf 86' lang='lat' dir='ltr'><strong>venio</strong></span> <span class='ocrx_word' id='word_1_77' title='bbox 1480 1179 1521 1212; x_wconf 83' lang='lat' dir='ltr'><strong>ad</strong></span> <span class='ocrx_word' id='word_1_78' title='bbox 1542 1179 1648 1212; x_wconf 79' lang='lat' dir='ltr'><strong>latera.</strong></span> 
     </span>
     <span class='ocr_line' id='line_1_14' title="bbox 155 1240 326 1270; baseline -0.018 0"><span class='ocrx_word' id='word_1_79' title='bbox 155 1240 193 1270; x_wconf 79' lang='grc' dir='ltr'><strong>Β.</strong></span> <span class='ocrx_word' id='word_1_80' title='bbox 209 1248 235 1269; x_wconf 74' lang='lat' dir='ltr'><strong>v,</strong></span> <span class='ocrx_word' id='word_1_81' title='bbox 253 1242 326 1270; x_wconf 85' lang='lat'><strong>509.</strong></span> 
     </span>
    </p>
   </div>
   <div class='ocr_carea' id='block_1_10' title="bbox 320 1343 1336 1390">
    <p class='ocr_par' dir='ltr' id='par_1_10' title="bbox 320 1343 1336 1390">
     <span class='ocr_line' id='line_1_15' title="bbox 320 1343 1336 1390; baseline -0.002 -10"><span class='ocrx_word' id='word_1_82' title='bbox 320 1352 386 1380; x_wconf 81' lang='grc'><strong>516</strong></span> <span class='ocrx_word' id='word_1_83' title='bbox 408 1344 540 1379; x_wconf 82' lang='lat' dir='ltr'><strong>Nubila</strong></span> <span class='ocrx_word' id='word_1_84' title='bbox 554 1343 588 1378; x_wconf 90' lang='lat' dir='ltr'><strong>vi</strong></span> <span class='ocrx_word' id='word_1_85' title='bbox 604 1343 782 1379; x_wconf 82' lang='lat' dir='ltr'><strong>cumulata</strong></span> <span class='ocrx_word' id='word_1_86' title='bbox 797 1350 1015 1390; x_wconf 87' lang='lat' dir='ltr'><strong>premuntur,</strong></span> <span class='ocrx_word' id='word_1_87' title='bbox 1031 1350 1067 1379; x_wconf 86' lang='lat' dir='ltr'><strong>et</strong></span> <span class='ocrx_word' id='word_1_88' title='bbox 1083 1343 1212 1390; x_wconf 84' lang='lat' dir='ltr'><strong>impete</strong></span> <span class='ocrx_word' id='word_1_89' title='bbox 1228 1344 1336 1379; x_wconf 76' lang='lat' dir='ltr'><strong>ventL</strong></span> 
     </span>
    </p>
   </div>
   <div class='ocr_carea' id='block_1_11' title="bbox 200 1413 1223 1451">
    <p class='ocr_par' dir='ltr' id='par_1_11' title="bbox 200 1413 1223 1451">
     <span class='ocr_line' id='line_1_16' title="bbox 200 1413 1223 1451; baseline -0.002 -7"><span class='ocrx_word' id='word_1_90' title='bbox 200 1413 296 1445; x_wconf 90' lang='lat' dir='ltr'><strong>Ordo.</strong></span> <span class='ocrx_word' id='word_1_91' title='bbox 343 1413 460 1443; x_wconf 87' lang='lat' dir='ltr'><strong>Nubila</strong></span> <span class='ocrx_word' id='word_1_92' title='bbox 476 1423 548 1443; x_wconf 90' lang='lat' dir='ltr'><strong>cum</strong></span> <span class='ocrx_word' id='word_1_93' title='bbox 568 1419 754 1451; x_wconf 85' lang='lat' dir='ltr'><strong>premuntur</strong></span> <span class='ocrx_word' id='word_1_94' title='bbox 769 1413 799 1442; x_wconf 66' lang='grc' dir='ltr'><strong>η’</strong></span> <span class='ocrx_word' id='word_1_95' title='bbox 815 1420 846 1443; x_wconf 83' lang='lat' dir='ltr'><strong>et</strong></span> <span class='ocrx_word' id='word_1_96' title='bbox 860 1414 976 1451; x_wconf 88' lang='lat' dir='ltr'><strong>impete</strong></span> <span class='ocrx_word' id='word_1_97' title='bbox 991 1413 1090 1442; x_wconf 87' lang='lat' dir='ltr'><strong>venti:</strong></span> <span class='ocrx_word' id='word_1_98' title='bbox 1107 1423 1135 1442; x_wconf 93' lang='lat' dir='ltr'><strong>v.</strong></span> <span class='ocrx_word' id='word_1_99' title='bbox 1153 1415 1223 1443; x_wconf 80' lang='lat'><strong>734.</strong></span> 
     </span>
    </p>
   </div>
   <div class='ocr_carea' id='block_1_12' title="bbox 201 1520 1306 1633">
    <p class='ocr_par' dir='ltr' id='par_1_12' title="bbox 201 1520 1306 1633">
     <span class='ocr_line' id='line_1_17' title="bbox 323 1520 1306 1566; baseline -0.001 -10"><span class='ocrx_word' id='word_1_100' title='bbox 323 1528 389 1557; x_wconf 77' lang='lat'><strong>523</strong></span> <span class='ocrx_word' id='word_1_101' title='bbox 414 1523 507 1556; x_wconf 76' lang='lat' dir='ltr'><strong>Hinc</strong></span> <span class='ocrx_word' id='word_1_102' title='bbox 523 1522 576 1555; x_wconf 74' lang='lat' dir='ltr'><strong>ubi</strong></span> <span class='ocrx_word' id='word_1_103' title='bbox 594 1520 654 1556; x_wconf 89' lang='lat' dir='ltr'><strong>Sol</strong></span> <span class='ocrx_word' id='word_1_104' title='bbox 670 1520 775 1555; x_wconf 83' lang='lat' dir='ltr'><strong>radiis</strong></span> <span class='ocrx_word' id='word_1_105' title='bbox 792 1527 1037 1566; x_wconf 84' lang='lat' dir='ltr'><strong>tempestatem</strong></span> <span class='ocrx_word' id='word_1_106' title='bbox 1053 1520 1145 1556; x_wconf 90' lang='lat' dir='ltr'><strong>inter</strong></span> <span class='ocrx_word' id='word_1_107' title='bbox 1161 1532 1306 1566; x_wconf 87' lang='lat' dir='ltr'><strong>opacam</strong></span> 
     </span>
     <span class='ocr_line' id='line_1_18' title="bbox 201 1589 713 1633; baseline -0.008 -10"><span class='ocrx_word' id='word_1_108' title='bbox 201 1592 298 1633; x_wconf 87' lang='lat' dir='ltr'><strong>Lege,</strong></span> <span class='ocrx_word' id='word_1_109' title='bbox 315 1590 381 1621; x_wconf 89' lang='lat' dir='ltr'><strong>Hic</strong></span> <span class='ocrx_word' id='word_1_110' title='bbox 396 1590 459 1620; x_wconf 91' lang='lat' dir='ltr'><strong>ubi.</strong></span> <span class='ocrx_word' id='word_1_111' title='bbox 474 1590 526 1620; x_wconf 84' lang='lat' dir='ltr'><strong>lib.</strong></span> <span class='ocrx_word' id='word_1_112' title='bbox 543 1589 584 1619; x_wconf 92' lang='lat' dir='ltr'><strong>V.</strong></span> <span class='ocrx_word' id='word_1_113' title='bbox 599 1599 625 1620; x_wconf 90' lang='lat' dir='ltr'><strong>v.</strong></span> <span class='ocrx_word' id='word_1_114' title='bbox 641 1591 713 1620; x_wconf 84' lang='lat'>805.</span> 
     </span>
    </p>
   </div>
   <div class='ocr_carea' id='block_1_13' title="bbox 202 1702 1364 1815">
    <p class='ocr_par' dir='ltr' id='par_1_13' title="bbox 202 1702 1364 1815">
     <span class='ocr_line' id='line_1_19' title="bbox 298 1702 1364 1748; baseline 0.002 -9"><span class='ocrx_word' id='word_1_115' title='bbox 298 1710 365 1739; x_wconf 85' lang='lat'><strong>540</strong></span> <span class='ocrx_word' id='word_1_116' title='bbox 389 1703 540 1739; x_wconf 86' lang='lat' dir='ltr'><strong>Volvere</strong></span> <span class='ocrx_word' id='word_1_117' title='bbox 556 1702 591 1738; x_wconf 90' lang='lat' dir='ltr'><strong>vi</strong></span> <span class='ocrx_word' id='word_1_118' title='bbox 606 1702 745 1745; x_wconf 89' lang='lat' dir='ltr'><strong>fluctus,</strong></span> <span class='ocrx_word' id='word_1_119' title='bbox 762 1702 1008 1748; x_wconf 85' lang='lat' dir='ltr'><strong>submersaque</strong></span> <span class='ocrx_word' id='word_1_120' title='bbox 1023 1714 1108 1738; x_wconf 85' lang='lat' dir='ltr'><strong>saxa</strong></span> <span class='ocrx_word' id='word_1_121' title='bbox 1123 1704 1364 1748; x_wconf 85' lang='lat' dir='ltr'><strong>putandum’st</strong></span> 
     </span>
     <span class='ocr_line' id='line_1_20' title="bbox 202 1779 403 1815; baseline -0.01 -4"><span class='ocrx_word' id='word_1_122' title='bbox 202 1780 243 1811; x_wconf 87' lang='lat' dir='ltr'><strong>Is.</strong></span> <span class='ocrx_word' id='word_1_123' title='bbox 260 1779 403 1815; x_wconf 60' lang='lat' dir='ltr'><strong>Vossius.</strong></span> 
     </span>
    </p>
   </div>
   <div class='ocr_carea' id='block_1_14' title="bbox 370 1852 1020 1893">
    <p class='ocr_par' dir='ltr' id='par_1_14' title="bbox 370 1852 1020 1893">
     <span class='ocr_line' id='line_1_21' title="bbox 370 1852 1020 1893; baseline -0.002 -10"><span class='ocrx_word' id='word_1_124' title='bbox 370 1870 499 1878; x_wconf 90' lang='lat'><strong>———</strong></span> <span class='ocrx_word' id='word_1_125' title='bbox 512 1855 674 1884; x_wconf 84' lang='lat' dir='ltr'><strong>submerso</strong></span> <span class='ocrx_word' id='word_1_126' title='bbox 688 1859 777 1893; x_wconf 86' lang='lat' dir='ltr'><strong>capte</strong></span> <span class='ocrx_word' id='word_1_127' title='bbox 791 1852 1020 1893; x_wconf 86' lang='lat' dir='ltr'><strong>putandum’st.</strong></span> 
     </span>
    </p>
   </div>
   <div class='ocr_carea' id='block_1_15' title="bbox 200 1950 1362 2063">
    <p class='ocr_par' dir='ltr' id='par_1_15' title="bbox 200 1950 1362 2063">
     <span class='ocr_line' id='line_1_22' title="bbox 324 1950 1362 1988; baseline 0.001 -1"><span class='ocrx_word' id='word_1_128' title='bbox 324 1958 390 1987; x_wconf 85' lang='grc'><strong>566</strong></span> <span class='ocrx_word' id='word_1_129' title='bbox 414 1953 506 1988; x_wconf 89' lang='lat' dir='ltr'><strong>Cum</strong></span> <span class='ocrx_word' id='word_1_130' title='bbox 522 1951 664 1987; x_wconf 86' lang='lat' dir='ltr'><strong>videant</strong></span> <span class='ocrx_word' id='word_1_131' title='bbox 678 1957 814 1987; x_wconf 79' lang='lat' dir='ltr'><strong>tantam</strong></span> <span class='ocrx_word' id='word_1_132' title='bbox 829 1958 1002 1986; x_wconf 84' lang='lat' dir='ltr'><strong>terrarum</strong></span> <span class='ocrx_word' id='word_1_133' title='bbox 1017 1950 1222 1987; x_wconf 85' lang='lat' dir='ltr'><strong>incumbere</strong></span> <span class='ocrx_word' id='word_1_134' title='bbox 1238 1953 1362 1988; x_wconf 74' lang='lat' dir='ltr'><strong>nwlem.</strong></span> 
     </span>
     <span class='ocr_line' id='line_1_23' title="bbox 200 2020 427 2063; baseline -0.004 -10"><span class='ocrx_word' id='word_1_135' title='bbox 200 2022 277 2063; x_wconf 86' lang='lat' dir='ltr'><strong>Leg.</strong></span> <span class='ocrx_word' id='word_1_136' title='bbox 292 2020 427 2052; x_wconf 87' lang='lat' dir='ltr'><strong>molem?</strong></span> 
     </span>
    </p>
   </div>
   <div class='ocr_carea' id='block_1_16' title="bbox 203 2128 1312 2246">
    <p class='ocr_par' dir='ltr' id='par_1_16' title="bbox 203 2128 1312 2246">
     <span class='ocr_line' id='line_1_24' title="bbox 324 2128 1312 2176; baseline 0.001 -10"><span class='ocrx_word' id='word_1_137' title='bbox 324 2138 391 2166; x_wconf 90' lang='lat'><strong>568</strong></span> <span class='ocrx_word' id='word_1_138' title='bbox 416 2131 500 2172; x_wconf 89' lang='lat' dir='ltr'><strong>Res,</strong></span> <span class='ocrx_word' id='word_1_139' title='bbox 517 2141 631 2176; x_wconf 80' lang='lat' dir='ltr'><strong>neque</strong></span> <span class='ocrx_word' id='word_1_140' title='bbox 647 2131 691 2166; x_wconf 88' lang='lat' dir='ltr'><strong>ab</strong></span> <span class='ocrx_word' id='word_1_141' title='bbox 708 2129 817 2165; x_wconf 79' lang='lat' dir='ltr'><strong>exitio</strong></span> <span class='ocrx_word' id='word_1_142' title='bbox 832 2129 946 2176; x_wconf 84' lang='lat' dir='ltr'><strong>possit</strong></span> <span class='ocrx_word' id='word_1_143' title='bbox 960 2128 1170 2176; x_wconf 86' lang='lat' dir='ltr'><strong>reprendere</strong></span> <span class='ocrx_word' id='word_1_144' title='bbox 1186 2131 1312 2167; x_wconf 75' lang='lat' dir='ltr'><strong>eunteis</strong></span> 
     </span>
     <span class='ocr_line' id='line_1_25' title="bbox 203 2204 600 2246; baseline -0.005 -10"><span class='ocrx_word' id='word_1_145' title='bbox 203 2205 280 2246; x_wconf 87' lang='lat' dir='ltr'><strong>Leg.</strong></span> <span class='ocrx_word' id='word_1_146' title='bbox 296 2215 333 2235; x_wconf 81' lang='lat' dir='ltr'><strong>ex</strong></span> <span class='ocrx_word' id='word_1_147' title='bbox 350 2204 446 2235; x_wconf 88' lang='lat' dir='ltr'><strong>MSS.</strong></span> <span class='ocrx_word' id='word_1_148' title='bbox 463 2210 600 2235; x_wconf 85' lang='lat' dir='ltr'><strong>euntem.</strong></span> 
     </span>
    </p>
   </div>
   <div class='ocr_carea' id='block_1_17' title="bbox 204 2311 1283 2426">
    <p class='ocr_par' dir='ltr' id='par_1_17' title="bbox 204 2311 1283 2426">
     <span class='ocr_line' id='line_1_26' title="bbox 327 2311 1283 2359; baseline 0.001 -11"><span class='ocrx_word' id='word_1_149' title='bbox 327 2319 393 2348; x_wconf 88' lang='lat'><strong>580</strong></span> <span class='ocrx_word' id='word_1_150' title='bbox 418 2313 610 2359; x_wconf 87' lang='lat' dir='ltr'><strong>Speluncas</strong></span> <span class='ocrx_word' id='word_1_151' title='bbox 626 2313 719 2348; x_wconf 88' lang='lat' dir='ltr'><strong>inter</strong></span> <span class='ocrx_word' id='word_1_152' title='bbox 735 2324 871 2358; x_wconf 77' lang='lat' dir='ltr'><strong>magnas</strong></span> <span class='ocrx_word' id='word_1_153' title='bbox 885 2311 1002 2348; x_wconf 86' lang='lat' dir='ltr'><strong>fremit</strong></span> <span class='ocrx_word' id='word_1_154' title='bbox 1017 2319 1099 2348; x_wconf 78' lang='lat' dir='ltr'><strong>ante</strong></span> <span class='ocrx_word' id='word_1_155' title='bbox 1115 2313 1283 2349; x_wconf 87' lang='lat' dir='ltr'><strong>tumultu:</strong></span> 
     </span>
     <span class='ocr_line' id='line_1_27' title="bbox 204 2387 458 2426; baseline -0.012 -8"><span class='ocrx_word' id='word_1_156' title='bbox 204 2387 316 2425; x_wconf 85' lang='lat' dir='ltr'><strong>Faber,</strong></span> <span class='ocrx_word' id='word_1_157' title='bbox 333 2395 458 2426; x_wconf 82' lang='lat' dir='ltr'><strong>magno.</strong></span> 
     </span>
    </p>
   </div>
   <div class='ocr_carea' id='block_1_18' title="bbox 305 2492 1262 2542">
    <p class='ocr_par' dir='ltr' id='par_1_18' title="bbox 305 2492 1262 2542">
     <span class='ocr_line' id='line_1_28' title="bbox 305 2492 1262 2542; baseline 0.003 -13"><span class='ocrx_word' id='word_1_158' title='bbox 305 2500 370 2529; x_wconf 88' lang='lat'><strong>588</strong></span> <span class='ocrx_word' id='word_1_159' title='bbox 397 2492 555 2529; x_wconf 86' lang='lat' dir='ltr'><strong>Motibus</strong></span> <span class='ocrx_word' id='word_1_160' title='bbox 570 2492 607 2528; x_wconf 91' lang='lat' dir='ltr'><strong>in</strong></span> <span class='ocrx_word' id='word_1_161' title='bbox 624 2492 737 2535; x_wconf 86' lang='lat' dir='ltr'><strong>terris,</strong></span> <span class='ocrx_word' id='word_1_162' title='bbox 753 2500 789 2528; x_wconf 86' lang='lat' dir='ltr'><strong>et</strong></span> <span class='ocrx_word' id='word_1_163' title='bbox 806 2493 926 2529; x_wconf 84' lang='lat' dir='ltr'><strong>multae</strong></span> <span class='ocrx_word' id='word_1_164' title='bbox 942 2506 1004 2541; x_wconf 83' lang='lat' dir='ltr'><strong>per</strong></span> <span class='ocrx_word' id='word_1_165' title='bbox 1020 2507 1115 2531; x_wconf 87' lang='lat' dir='ltr'><strong>mare</strong></span> <span class='ocrx_word' id='word_1_166' title='bbox 1126 2509 1262 2542; x_wconf 78' lang='lat' dir='ltr'><strong>pessum</strong></span> 
     </span>
    </p>
   </div>
   <div class='ocr_carea' id='block_1_19' title="bbox 207 2565 908 2608">
    <p class='ocr_par' dir='ltr' id='par_1_19' title="bbox 207 2565 908 2608">
     <span class='ocr_line' id='line_1_29' title="bbox 207 2565 908 2608; baseline -0.001 -9"><span class='ocrx_word' id='word_1_167' title='bbox 207 2567 248 2605; x_wconf 81' lang='lat' dir='ltr'><strong>Q.</strong></span> <span class='ocrx_word' id='word_1_168' title='bbox 265 2577 290 2599; x_wconf 90' lang='lat' dir='ltr'><strong>c.</strong></span> <span class='ocrx_word' id='word_1_169' title='bbox 306 2568 438 2608; x_wconf 83' lang='lat' dir='ltr'><strong>passim3</strong></span> <span class='ocrx_word' id='word_1_170' title='bbox 462 2565 555 2597; x_wconf 65' lang='lat' dir='ltr'><strong>male.</strong></span> <span class='ocrx_word' id='word_1_171' title='bbox 602 2565 733 2597; x_wconf 80' lang='lat' dir='ltr'><strong>Severus</strong></span> <span class='ocrx_word' id='word_1_172' title='bbox 742 2565 777 2596; x_wconf 86' lang='lat' dir='ltr'><strong>in</strong></span> <span class='ocrx_word' id='word_1_173' title='bbox 795 2566 908 2598; x_wconf 65' lang='lat' dir='ltr'><strong>AEtnaz</strong></span> 
     </span>
    </p>
   </div>
   <div class='ocr_carea' id='block_1_20' title="bbox 376 2670 590 2677">
    <p class='ocr_par' dir='ltr' id='par_1_20' title="bbox 376 2670 590 2677">
     <span class='ocr_line' id='line_1_30' title="bbox 376 2670 590 2677; baseline 0 0"><span class='ocrx_word' id='word_1_174' title='bbox 376 2670 590 2677; x_wconf 95' lang='lat' dir='ltr'><strong> </strong></span> 
     </span>
    </p>
   </div>
   <div class='ocr_carea' id='block_1_21' title="bbox 378 2653 901 2753">
    <p class='ocr_par' dir='ltr' id='par_1_21' title="bbox 378 2653 901 2753">
     <span class='ocr_line' id='line_1_31' title="bbox 607 2653 901 2694; baseline 0.003 -11"><span class='ocrx_word' id='word_1_175' title='bbox 607 2659 639 2683; x_wconf 87' lang='lat' dir='ltr'><strong>et</strong></span> <span class='ocrx_word' id='word_1_176' title='bbox 648 2653 761 2694; x_wconf 85' lang='lat' dir='ltr'><strong>jugera</strong></span> <span class='ocrx_word' id='word_1_177' title='bbox 776 2664 901 2693; x_wconf 88' lang='lat' dir='ltr'><strong>pessum</strong></span> 
     </span>
     <span class='ocr_line' id='line_1_32' title="bbox 378 2710 665 2753; baseline -0.007 -9"><span class='ocrx_word' id='word_1_178' title='bbox 378 2710 557 2752; x_wconf 80' lang='lat' dir='ltr'><strong>Intercepta</strong></span> <span class='ocrx_word' id='word_1_179' title='bbox 572 2712 665 2753; x_wconf 86' lang='lat' dir='ltr'><strong>leges.</strong></span> 
     </span>
    </p>
   </div>
   <div class='ocr_carea' id='block_1_22' title="bbox 331 2821 1370 2869">
    <p class='ocr_par' dir='ltr' id='par_1_22' title="bbox 331 2821 1370 2869">
     <span class='ocr_line' id='line_1_33' title="bbox 331 2821 1370 2869; baseline 0.001 -12"><span class='ocrx_word' id='word_1_180' title='bbox 331 2829 397 2857; x_wconf 87' lang='lat'><strong>590</strong></span> <span class='ocrx_word' id='word_1_181' title='bbox 423 2821 541 2868; x_wconf 79' lang='lat' dir='ltr'><strong>Quod,</strong></span> <span class='ocrx_word' id='word_1_182' title='bbox 558 2822 619 2856; x_wconf 79' lang='lat' dir='ltr'><strong>nisi</strong></span> <span class='ocrx_word' id='word_1_183' title='bbox 629 2823 834 2868; x_wconf 80' lang='lat' dir='ltr'><strong>prorumpit,</strong></span> <span class='ocrx_word' id='word_1_184' title='bbox 849 2829 968 2858; x_wconf 88' lang='lat' dir='ltr'><strong>tamen</strong></span> <span class='ocrx_word' id='word_1_185' title='bbox 982 2823 1134 2869; x_wconf 89' lang='lat' dir='ltr'><strong>impetus</strong></span> <span class='ocrx_word' id='word_1_186' title='bbox 1150 2822 1225 2869; x_wconf 88' lang='lat' dir='ltr'><strong>ipse</strong></span> <span class='ocrx_word' id='word_1_187' title='bbox 1242 2823 1370 2859; x_wconf 74' lang='lat' dir='ltr'><strong>animai·</strong></span> 
     </span>
    </p>
   </div>
   <div class='ocr_carea' id='block_1_23' title="bbox 210 2895 982 2938">
    <p class='ocr_par' dir='ltr' id='par_1_23' title="bbox 210 2895 982 2938">
     <span class='ocr_line' id='line_1_34' title="bbox 210 2895 982 2938; baseline 0.005 -13"><span class='ocrx_word' id='word_1_188' title='bbox 210 2895 394 2926; x_wconf 73' lang='lat' dir='ltr'><strong>Notandum</strong></span> <span class='ocrx_word' id='word_1_189' title='bbox 414 2895 433 2926; x_wconf 89' lang='lat' dir='ltr'><strong>i.</strong></span> <span class='ocrx_word' id='word_1_190' title='bbox 448 2906 474 2926; x_wconf 91' lang='lat' dir='ltr'><strong>e.</strong></span> <span class='ocrx_word' id='word_1_191' title='bbox 489 2895 586 2936; x_wconf 91' lang='lat' dir='ltr'><strong>quod,</strong></span> <span class='ocrx_word' id='word_1_192' title='bbox 601 2896 626 2927; x_wconf 86' lang='lat' dir='ltr'><strong>si</strong></span> <span class='ocrx_word' id='word_1_193' title='bbox 642 2906 719 2935; x_wconf 87' lang='lat' dir='ltr'><strong>non,</strong></span> <span class='ocrx_word' id='word_1_194' title='bbox 734 2897 920 2938; x_wconf 83' lang='lat' dir='ltr'><strong>prorumpit.</strong></span> <span class='ocrx_word' id='word_1_195' title='bbox 945 2898 982 2929; x_wconf 86' lang='lat' dir='ltr'><strong>B.</strong></span> 
     </span>
    </p>
   </div>
  </div>
 </body>
</html>
