1967 3314
232 447 433 468 FERRANDUS.

272 572 402 602 Brixiae.

244 661 317 691 Sine
329 663 359 691 A
363 672 429 701 nno.

232 1052 387 1086 utrumque

235 1096 278 1125 Ut

235 1145 314 1174 deest

233 1195 339 1225 fluctus
352 1200 384 1226 et

233 1250 281 1275 est

233 1295 354 1334 liquoris

232 1355 354 1374 necesse
366 1348 414 1374 est

235 1392 398 1423 Dissimilis

235 1442 412 1481 turbareque

235 1492 346 1521 mixtas

236 1541 346 1571 mixtus

242 1589 364 1619 Hiemes

239 1639 302 1668 haec

239 1688 318 1718 deest

239 1749 297 1768 non
310 1738 453 1769 imitanda

239 1788 343 1817 mirum

241 1838 267 1868 si
280 1838 310 1868 in
326 1849 361 1868 eo

242 1887 336 1918 cietur

243 1936 318 1966 caelo

243 1985 379 2026 utrinque

243 2036 336 2066 mixto

243 2096 388 2125 quamque

245 2139 402 2178 Tyrrhena

243 2189 263 2218 J
266 2189 364 2218 udicia

244 2238 361 2268 occulta

246 2287 337 2316 menti

247 2345 280 2364 se

248 2389 361 2424 partem

248 2434 413 2464 dominatus

249 2482 385 2513 faculerit
399 2487 446 2513 est

249 2538 340 2572 queat

250 2581 322 2611 caelo

249 2631 269 2660 J
274 2631 369 2671 upiter

251 2681 381 2711 caelestia

251 2731 349 2771 ignem

251 2781 348 2821 inquae
361 2785 408 2811 est

251 2832 387 2862 voluntas

252 2881 282 2910 in
297 2886 416 2910 cautum

255 2931 338 2962 Vox..
355 2932 414 2962 IV.

606 236 823 286 LIBRI
870 231 1112 284 SEXTI.

549 470 684 490 PERGER.

557 575 688 604 Veronae.

515 1198 622 1228 fluctus
637 1204 667 1229 et

517 1251 564 1276 est

517 1296 639 1336 liquoris

518 1350 670 1376 necessest

519 1395 687 1424 Dissimiles

518 1445 637 1475 turbare
649 1456 707 1485 que

518 1497 627 1526 mixtas

519 1546 631 1575 mixtus

521 1595 641 1635 hyem'es

522 1645 578 1673 hec

523 1694 603 1723 deest

525 1754 582 1773 non
595 1742 737 1773 imitanda

525 1793 628 1822 mirum

526 1844 637 1880 stineos

525 1894 584 1923 ciet

526 1942 602 1972 caelo

527 1992 680 2030 utriusque

528 2041 620 2071 mixto

528 2101 673 2131 quamque

530 2141 657 2180 tyrhena

529 2190 549 2219 J
552 2189 645 2219 uditia

530 2238 645 2269 occulte

532 2288 623 2318 menti

533 2349 549 2368 e

533 2389 640 2427 partim

533 2437 698 2467 dominatur

535 2478 690 2518 faculerist

536 2541 627 2576 queat

537 2585 608 2614 caelo

535 2634 656 2675 Jupiter

536 2683 670 2714 caelestia
701 2695 705 2700 ’

538 2732 638 2772 ignem

539 2782 638 2821 inquic
652 2793 685 2812 se

538 2831 674 2862 voluntas

539 2881 569 2912 in
582 2887 700 2913 cautum

790 470 1026 490 RAGAzoNIBus.

764 547 771 634 ι
838 571 976 603 Venetiis.

794 756 935 790 utrasque

795 811 864 839 qum

795 849 860 879 caeli

796 903 930 939 tempora

797 948 892 989 frigus

799 998 879 1028 deest

798 1053 953 1088 utrumque

800 1097 859 1126 Vit

800 1145 880 1175 deest

800 1196 907 1226 fluctus
920 1201 951 1226 et

801 1251 849 1275 est

802 1295 922 1335 liquoris

802 1349 954 1375 necessest

806 1394 975 1424 Dissimiles

801 1445 920 1474 turbare
934 1453 1002 1483 quae

803 1495 915 1528 mixtas

804 1545 914 1574 mixtus

805 1595 924 1634 hyemes

806 1644 873 1672 haec

806 1693 887 1722 deest

810 1792 914 1822 mirum

811 1842 924 1872 stineos

811 1893 871 1921 ciet

812 1942 887 1971 caelo

813 1990 966 2030 utriusque

813 2039 905 2068 mixto

814 2099 961 2129 quamque

814 2139 942 2178 tyrhena

815 2189 834 2217 J
837 2188 932 2218 uditia

816 2237 930 2267 occulte

817 2288 909 2318 menti

818 2349 835 2366 e

819 2387 927 2426 partim

820 2436 986 2466 dominatur

820 2485 972 2516 faculerist

821 2541 923 2575 quaeat

821 2586 893 2616 caelo

778 2674 781 2677 .
821 2635 942 2676 Jupiter

822 2684 957 2715 caelestia

822 2736 920 2775 ignem

825 2784 924 2824 inquio
937 2795 970 2814 se

825 2833 961 2864 voluntas

895 2935 961 2964 5A

808 1753 865 1772 non
878 1743 1022 1773 imitanda

826 2882 856 2912 in
869 2888 987 2913 cautum
1022 2904 1027 2911 .

488 416 608 436 PAULUS
620 416 758 436 mum-:H-
781 417 972 437 Tnlzonontrs
988 416 1030 436 DE

1133 447 1246 468 ALDUS.

1123 570 1260 601 Veneriis.

1150 667 1163 692 1
1169 668 1235 693 500.

1077 756 1223 791 utrunque

1078 812 1144 831 cum

1080 850 1143 880 caeli

1080 905 1213 940 tempora

1080 951 1205 991 frigidus

1082 1000 1164 1029 deest

1083 1054 1228 1088 utrunque

1084 1098 1128 1127 Ut

1084 1147 1125 1177 sit

1085 1197 1207 1227 fluctuet

1085 1252 1133 1276 est

1085 1295 1207 1334 liquoris

1087 1348 1239 1374 necessest

1088 1394 1259 1424 dissimileis

1088 1444 1265 1482 turbareque

1090 1493 1195 1522 mistas

1091 1542 1197 1572 mistus

1092 1593 1213 1631 hyemes

1093 1643 1157 1671 haec

1093 1691 1171 1721 bella

1094 1802 1198 1821 mltum

1096 1891 1192 1921 cietur

1096 1940 1171 1970 caelo

1096 1991 1233 2030 utrinque

1097 2040 1187 2069 misto

1047 2120 1052 2126 ¹
1098 2097 1235 2130 quanque

1098 2137 1256 2177 Tyrrhena

1099 2188 1119 2217 J
1121 2187 1187 2217 udic
1190 2187 1219 2216 ia

1100 2237 1226 2267 occultae

1102 2287 1209 2317 mentis

1102 2347 1135 2366 se

1103 2389 1217 2426 panem

1103 2434 1270 2464 dominatus

1104 2483 1244 2514 extulerit
1259 2495 1291 2514 se

1105 2539 1196 2574 queat

1106 2584 1181 2615 caelo

1106 2636 1125 2665 J
1129 2635 1245 2675 uppiter

1107 2685 1241 2715 caelestia

1108 2735 1116 2764 i
1118 2745 1206 2775 gnem

1108 2784 1221 2814 inducit

1109 2834 1245 2865 voluntas

1108 2884 1173 2915 inca
1177 2889 1258 2915 utum

1094 1739 1297 1771 nominitanda

1095 1842 1121 1872 si
1135 1842 1165 1871 in
1177 1852 1213 1871 eo
1226 1845 1289 1871 tum

1525 243 1618 283 369

1355 394 1397 414 Ex
1415 394 1578 415 TYPOGRA-

1338 447 1416 467 PHIA
1431 447 1611 468 socni'rATls

1380 500 1494 520 Blrox'r
1498 501 1507 519 Ι
1512 501 1531 520 N
1536 502 1574 521 ΔΞ.

1391 596 1393 598 .
1414 570 1550 611 Bipontz'.

1361 752 1516 786 utrumque

1362 808 1428 826 cum

1361 847 1428 877 coeli

1362 901 1495 937 tempora

1361 945 1456 986 frigus

1364 999 1395 1025 et

1364 1049 1520 1085 utrumque

1370 1094 1412 1124 Ut

1367 1144 1408 1173 sit

1366 1193 1489 1223 fluctuet

1368 1247 1399 1271 et

1371 1293 1492 1332 Rigoris

1370 1341 1536 1372 necesse‘st

1373 1390 1543 1422 Dissimiles

1372 1442 1548 1481 turbareque

1374 1491 1478 1521 mistas

1374 1541 1481 1571 mistus

1377 1591 1501 1621 Hiemes

1376 1640 1440 1669 haec

1376 1689 1454 1718 bella

1378 1739 1579 1769 nominitauda

1376 1789 1523 1819 mirum'st

1378 1840 1408 1869 in
1422 1849 1457 1868 eo
1470 1838 1497 1868 si

1379 1888 1474 1918 cietur

1380 1937 1454 1967 coelo

1381 1988 1517 2027 utrinque

1381 2037 1470 2066 misto

1382 2097 1529 2127 quamque

1383 2137 1543 2176 Tyrrhena

1385 2185 1498 2215 Inditia

1384 2235 1508 2266 occultae

1384 2284 1492 2315 mentis

1385 2346 1418 2364 se

1386 2388 1500 2424 partem

1386 2434 1553 2464 dominatus

1388 2484 1532 2515 extulerit
1546 2494 1579 2513 se

1388 2538 1479 2575 queat

1389 2586 1463 2616 coelo

1388 2636 1508 2676 Jupiter

1391 2685 1523 2716 coelestia

1392 2736 1488 2777 igneis

1392 2786 1539 2825 cuique'st

1393 2836 1528 2876 voluptas

1394 2886 1543 2915 incautum
