1967 3314
367 318 463 362 374
641 309 1097 360 VARIANTES
1143 307 1581 357 LECTIONES

1637 467 1677 487 EX
1687 467 1851 489 TYPocna·

1408 520 1522 542 ALDUS.
1609 521 1647 541 Pu
1654 521 1687 541 [Α
1700 521 1851 542 80012ΤΔ1·

1648 575 1841 596 mrowrnuss.

759 491 883 511 PAULUS
895 491 1028 512 nunnu-
1054 489 1246 511 ΤΙ-13000115
1261 489 1303 510 DE

828 544 963 565 mulcta.

510 524 712 545 FEBBANDUS.

1063 543 1297 565 Bacazomnus.

1397 645 1531 676 Venetiie.
1677 645 1811 686 Biponti.

1605 709 1693 717 -ο

1110 648 1139 677 V
1136 648 1214 678 eneti
1215 648 1250 678 ἰε-

1423 738 1504 764 1500.
1698 740 1783 770 1782.

493 828 669 868 Concipiunt
776 828 974 859 Concuderint
1061 826 1258 856 concuderint
1344 826 1519 866 concipiunt
1626 826 1803 865 concipiunt

387 886 445 912 504
492 888 580 918 super
775 887 864 917 super
1059 885 1148 915 super
1341 886 1448 915 supera
1626 885 1733 913 supera

493 927 572 957 venti
777 926 857 956 venti
1060 925 1141 954 venti
1342 925 1424 954 venti
1626 923 1706 952 venti

386 983 443 1011 506
491 977 583 1006 nubes
775 976 867 1005 nubes
1058 975 1150 1004 nubae
1343 973 1445 1003 nubeis
1626 972 1728 1002 nubeis

386 1034 442 1062 507
491 1036 653 1056 convenere
775 1036 899 1056 com-em
1059 1032 1182 1052 convere
1342 1032 1503 1053 convenere
1627 1032 1789 1052 convenere

490 1075 528 1104 ad
541 1079 631 1105 aucta
774 1076 811 1105 ad
827 1080 916 1106 aucta
1058 1073 1096 1103 ad
1110 1077 1199 1103 aucta
1341 1072 1470 1102 adaucta
1626 1071 1753 1101 adaucta

385 1132 442 1158 508
492 1124 630 1154 Conferte
775 1124 930 1166 Convertae
1058 1122 1212 1152 Convertae
1341 1121 1489 1152 Confertae
1627 1120 1773 1151 Confertae

489 1173 517 1202 vi
531 1173 613 1203 venti
774 1174 899 1204 tumenti
1059 1171 1184 1201 tumenti
1342 1172 1371 1201 vi
1385 1171 1466 1202 venti
1626 1171 1655 1200 vi
1668 1171 1750 1201 venti

490 1227 615 1253 mettere
774 1223 895 1253 mittere
1058 1222 1176 1252 mittere
1340 1222 1461 1252 mittere
1625 1220 1742 1250 mittere

384 1281 442 1307 510
491 1274 684 1304 membrorum
773 1273 966 1303 membrorum
1013 1283 1018 1287 ·
1058 1271 1250 1300 membrorum
1341 1272 1502 1302 nimborum
1625 1269 1786 1300 nimborum

488 1323 639 1352 turbarum
772 1323 888 1353 turbam
1056 1321 1173 1349 turbam
1341 1322 1428 1352 turba
1625 1320 1713 1350 turba

489 1382 568 1401 more
772 1383 852 1402 more
1058 1379 1138 1400 more
1339 1372 1449 1411 majore
1627 1371 1738 1411 majore

488 1425 593 1451 coacta
773 1425 877 1451 coacta
1057 1427 1160 1450 coacta
1339 1425 1444 1450 coacta
1623 1423 1726 1449 coorta

382 1477 437 1503 511
488 1470 597 1511 premit
776 1472 883 1510 premit
1057 1469 1172 1510 praemit
1340 1469 1448 1508 premit
1624 1470 1731 1509 premit

487 1520 595 1550 efluere
772 1521 889 1550 effluere
1058 1518 1174 1548 effluere
1338 1518 1455 1548 effluere
1622 1518 1738 1548 effluere

488 1570 588 1600 imbris
772 1570 873 1609 imbris
1057 1567 1158 1596 imbris
1339 1568 1457 1596 imbreis
1623 1566 1741 1596 imbreis

383 1624 440 1650 514
488 1618 590 1658 pluviu
773 1618 903 1657 pluvium
1056 1616 1185 1656 pluvium
1339 1616 1469 1655 pluvium
1624 1615 1754 1655 pluvium

488 1668 622 1698 stillante
771 1667 906 1697 stillante
1056 1665 1191 1695 stillante
1339 1665 1472 1695 stillante
1623 1665 1795 1705 stillantque

382 1723 438 1748 515
488 1719 571 1748 Caera
773 1717 849 1746 Tela
1057 1714 1135 1743 Tela
1341 1724 1419 1743 caera
1625 1714 1702 1744 Cera

382 1769 439 1798 516
488 1774 613 1808 utraque
770 1766 909 1805 utrinque
1057 1765 1194 1804 utrinque
1341 1763 1479 1803 utrinque
1624 1770 1749 1804 utroque

382 1821 439 1850 517
487 1822 659 1858 premuntur
771 1821 942 1855 premuntur
1056 1819 1239 1855 praemuntur
1339 1818 1510 1854 premuntur
1623 1818 1795 1854 premuntur

382 1872 440 1900 519
488 1867 559 1897 fient
771 1865 844 1896 fient
1055 1865 1127 1894 fient
1338 1863 1459 1893 fuerunt
1622 1863 1742 1895 fuerunt

383 1921 440 1947 520
487 1916 545 1946 alie
771 1914 836 1944 aliae
1055 1914 1121 1943 aliae
1340 1913 1406 1943 aliae
1623 1913 1690 1944 aliae

488 1966 644 2006 nymbique
774 1964 930 2004 nymbique
1058 1961 1215 2001 nymbique
1341 1963 1489 2003 nimbique
1628 1962 1776 2002 nimbique

383 2021 438 2046 521
489 2016 578 2056 vulgo
770 2013 860 2054 vulgo
1056 2012 1147 2052 vulgo
1340 2012 1428 2052 volgo
1624 2012 1713 2053 volgo

380 2071 440 2096 522
488 2075 553 2094 cum
567 2064 684 2095 fumans
770 2074 836 2092 cum
849 2073 968 2094 sumans
1056 2071 1122 2091 cum
1135 2070 1255 2104 sumans
1339 2071 1515 2092 consumens
1624 2072 1691 2091 cum
1703 2061 1821 2092 fumans

383 2120 441 2145 523
491 2114 551 2145 Hic
773 2112 834 2141 Hic
1059 2111 1121 2140 Hie
1344 2111 1405 2141 Hic
1631 2111 1713 2141 Hinc

489 2165 568 2194 imus
771 2162 852 2191 intus
1057 2160 1118 2189 itus
1340 2161 1418 2190 inter
1623 2161 1702 2190 inter

383 2219 440 2245 524
489 2214 651 2243 nimborum
772 2211 942 2251 nymborum
1058 2209 1228 2248 nymborum
1340 2209 1501 2239 nimborum
1623 2209 1785 2240 nimborum

487 2262 645 2304 aspargine
771 2260 931 2301 aspargine
1056 2258 1215 2298 aspargine
1338 2259 1497 2299 aspergine
1623 2259 1779 2299 aspergine

488 2319 572 2343 cotra
771 2314 875 2340 eontra
1057 2312 1160 2337 contra
1338 2313 1442 2339 contra
1623 2314 1727 2340 eontra

384 2367 440 2393 525
488 2362 593 2393 existit
771 2361 878 2392 existis
1057 2357 1163 2387 existis
1339 2358 1443 2388 existit
1622 2358 1746 2388 exsistit

489 2412 550 2442 arci
772 2420 827 2440 aeo
1058 2416 1104 2436 aeo
1339 2417 1448 2447 arquus
1622 2407 1720 2448 Atqui

384 2464 440 2492 526
489 2462 597 2491 Cetera
771 2460 893 2490 Caetera
1059 2456 1175 2486 Caetera
1339 2462 1452 2488 caetera
1623 2456 1733 2487 Cetera

488 2522 554 2551 quaa
769 2519 829 2549 que
1057 2517 1122 2546 quae
1339 2516 1407 2547 quae
1621 2516 1689 2546 qnae

383 2566 439 2594 527
487 2570 557 2600 quae
771 2568 829 2597 que
1056 2567 1122 2595 quae
1341 2566 1410 2595 quae
1623 2565 1692 2596 quae

384 2615 440 2640 528
488 2610 592 2651 pruine
771 2607 886 2648 pruinae
1055 2605 1169 2645 pruinae
1338 2604 1454 2645 pruinae
1473 2640 1477 2644 ¹
1622 2605 1736 2645 pruina

384 2664 440 2692 529
490 2660 532 2690 Et
772 2657 818 2687 Ec
1341 2654 1384 2684 Et
1622 2655 1666 2685 Et

385 2714 442 2739 530
488 2719 555 2749 quae
771 2717 830 2747 que
1339 2713 1405 2743 quae
1620 2714 1689 2745 quae

490 2770 508 2788 a
519 2758 615 2788 ventis
771 2757 899 2789 amentis
1338 2758 1455 2783 euntels
1621 2753 1737 2784 eunteis

385 2812 438 2838 531
492 2808 549 2837 Per
563 2807 650 2838 facile
758 2812 760 2814 ’
1341 2801 1516 2833 Persae-test
1621 2801 1810 2834 Perfacile'st

490 2856 516 2886 si
1339 2851 1420 2882 doeet
1619 2851 1700 2882 dea<

490 2906 558 2936 haee
1339 2902 1407 2932 haec
1621 2901 1685 2931 haec

489 2955 617 2997 reperire
1339 2955 1370 2983 te
1383 2961 1436 2992 per
1447 2956 1479 2984 te
1520 2982 1523 2985 ,
1622 2949 1752 2992 reperire
