1967 3314
471 256 809 308 RICARDI
854 256 1240 306 BENTLEII.
1512 265 1602 306 421

284 396 348 426 158
372 389 456 426 Ulla
471 389 567 434 foris,
582 397 688 437 atque
702 391 778 438 ipsa
794 390 865 427 suis
882 388 902 426 ὲ
912 391 1068 436 partibus
1082 401 1207 434 unum,

162 474 215 504 Fo.
231 471 355 503 finibus.

284 578 349 607 165
373 573 449 607 Nec
463 573 675 617 perscrutari
689 571 877 619 primordia
894 572 1027 618 singula
1042 582 1202 617 quaeque,

161 654 201 690 Q.
215 663 241 684 c.
265 653 444 692 persectari;
468 653 593 693 optime.

283 760 343 789 171
373 754 448 788 Nec
457 754 531 800 jam
548 759 687 796 caetera,
701 751 879 788 mortaleis
896 764 974 799 quae
991 752 1114 789 suadet
1131 753 1239 796 adire,

155 844 185 866 ο.
203 834 301 865 MSS.
316 834 368 865 Et.

283 942 347 970 184
374 935 476 970 Nunc
491 934 590 970 locus
607 941 661 970 est
675 932 731 977 (ut
748 934 888 981 opinor)
903 934 940 969 in
956 933 1011 970 his
1026 933 1114 970 illud
1130 945 1270 980 quoque
1284 934 1389 970 rebus

156 1015 232 1056 Leg.
278 1015 372 1046 Nam.

280 1123 343 1152 197
370 1117 528 1163 Respuat
544 1116 670 1152 humor
685 1114 805 1163 aquae?
831 1128 910 1152 nam
927 1128 1030 1163 quam
1047 1115 1155 1162 magis
1171 1117 1339 1152 mersimus
1354 1115 1456 1151 altum

157 1195 197 1227 Ο.
212 1206 237 1227 c.
261 1197 398 1228 ursimus
413 1197 483 1228 alte.

277 1305 340 1332 198
366 1298 523 1341 Directa‚
540 1305 575 1333 et
591 1310 715 1344 magna
729 1298 764 1335 vi
783 1298 876 1334 multi
890 1297 1078 1344 pressimus
1094 1309 1200 1345 aegre:

152 1377 190 1408 L.
204 1377 316 1409 multa.
332 1379 369 1409 B.
414 1378 498 1409 Vide
512 1378 567 1408 lib.
587 1383 613 1409 1.
628 1390 655 1410 v.
674 1383 765 1411 1028.
780 1385 811 1410 et
826 1379 877 1410 lib.
893 1383 923 1410 52.
938 1390 967 1409 v·
985 1382 1057 1411 552.
1103 1379 1155 1410 Ita
1168 1378 1264 1410 etiam
1278 1377 1364 1410 Edit.
1381 1377 1494 1408 Veron.

274 1497 340 1526 218
367 1490 584 1527 Ponderibus
599 1490 748 1537 propriis
765 1490 900 1526 incerto
916 1497 1076 1537 tempore
1088 1489 1205 1537 fimnE,

152 1569 272 1602 Ferme.

273 1678 342 1706 ‘220
365 1672 519 1707 Tantum
536 1671 631 1717 quod
646 1683 787 1707 momen
804 1676 965 1707 mutatum
983 1671 1099 1708 dicere
1115 1671 1239 1718 possis.

149 1754 179 1782 3.
205 1751 283 1782 Cod.
300 1758 431 1783 mutare.
476 1753 575 1793 Lego,
592 1752 717 1783 mutari.
730 1753 766 1784 Β.
814 1753 895 1783 Imo.

638 1844 797 1870 mutarent
811 1839 914 1870 dicere
928 1839 1035 1879 possis.

151 1921 279 1952 Sueton.
303 1921 337 1951 in
362 1922 491 1953 Nerone
514 1933 541 1954 c.
566 1927 596 1954 6.
630 1925 764 1955 Tantum
787 1925 866 1964 quod
890 1922 1049 1954 exoriente
1066 1921 1149 1961 Sole,
1164 1921 1219 1953 διο.
1242 1921 1279 1953 F.
1297 1927 1416 1954 nutare.
1460 1922 1504 1955 Et
1518 1921 1602 1955 Edit.

107 1975 226 2007 Veron.
245 1976 429 2015 miuimum3
453 1977 513 2018 leg.
529 1977 567 2008 T.
582 1988 611 2019 q.

502 2064 673 2095 minimum
687 2069 799 2095 nutare
813 2069 850 2096 ut
865 2064 967 2096 dicere
982 2063 1086 2104 possis.

148 2138 233 2170 Vide
251 2149 279 2171 v.
296 2143 367 2170 244.

267 2247 334 2276 227
358 2241 518 2277 Incidere
535 2240 555 2277 ἐ
571 2253 697 2289 supero
713 2241 915 2286 levioribus,
931 2248 1037 2288 atque
1052 2241 1102 2277 ita
1116 2241 1236 2288 plagas

151 2320 207 2352 Oc.
222 2321 329 2363 plagis.

267 2429 335 2457 242
361 2422 433 2468 Qui
448 2423 583 2460 varient
598 2431 726 2468 motus,
741 2435 805 2471 per
821 2435 909 2471 quos
925 2430 1050 2460 natura
1066 2428 1168 2471 genat
1181 2435 1249 2461 res.

148 2501 253 2533 Gerat.

269 2606 336 2635 267
361 2599 475 2647 Copia
490 2602 638 2647 conquiri
654 2601 768 2647 debet,
784 2601 924 2639 concita
938 2614 1001 2649 per
1017 2609 1112 2638 artus

145 2680 186 2717 Q.
208 2691 233 2711 c.
256 2681 382 2712 conciri.

242 2789 308 2819 277
332 2785 459 2820 Jamne
474 2783 572 2820 vides
588 2783 704 2829 igitur,
719 2796 926 2833 quamquam
942 2785 994 2824 vis
1009 2786 1131 2823 extima
1146 2785 1279 2823 multos

142 2863 241 2896 Recte
257 2864 354 2897 MSS.
370 2871 486 2904 extera,
505 2870 538 2898 et
552 2865 573 2899 1.
587 2865 698 2899 multa.
742 2867 781 2899 B.
