1967 3314
564 235 779 286 LIBRI
816 237 1129 294 QUARTI.
1523 247 1610 292 301

1363 399 1404 418 Ex
1415 401 1578 422 TYPOGRA-

474 374 605 436 'PAULUS
621 418 754 438 FMDEN-
780 419 971 440 'mmonoaus
985 420 1026 439 DE

235 444 437 467 FEnRANDUS.
554 469 680 491 PERGER
786 473 1011 494 RAGAZOMBUS
1127 454 1239 474 Annus.
1336 453 1413 473 PHIA
1429 454 1606 477 socmTA'ms

683 484 691 492 ‘
1013 487 1019 494 ⁸
1377 508 1570 530 BIPONTINAE.

268 569 395 600 Brixiae.
555 572 684 605 Veronae.
838 575 975 605 Venetiis.
1115 575 1252 606 Venetiia
1404 580 1540 620 Biponti.

125 617 166 645 V.
199 630 331 636 -->—<--—

240 658 314 688 Sine
327 660 424 689 Anno.
577 667 658 695 1486,
862 668 943 696 1495.
1145 667 1227 694 1500.
1430 671 1514 700 1782.

96 717 196 732 .....,
310 721 318 724 Δ
1054 727 1058 729 ,
1129 720 1131 722 ,

98 754 174 780 1032
218 752 250 777 et
262 748 324 778 vita
500 758 531 783 et
544 753 605 783 vita
783 757 815 782 et
830 753 893 783 vita
1067 753 1169 784 adulta
1351 755 1452 784 adulta

98 803 173 828 1033
220 798 300 828 Nam
502 802 639 842 Namque
786 802 923 842 Namque
1070 802 1199 842 Nanque
1353 804 1492 843 Namque

218 847 284 878 aliis
501 852 574 882 alias
784 852 857 882 alias
1068 851 1143 881 alias
1351 853 1425 884 alias

97 901 172 927 1035
219 897 305 927 simul
318 902 408 938 atque
501 902 587 932 simul
600 906 690 942 atque
783 901 869 930 simul
882 906 972 941 atque
1070 901 1155 930 simul
1169 906 1260 941 atque
1352 903 1530 943 simulatque

219 948 346 987 ejectum
501 956 631 982 erectum
784 955 913 980 erectum
1069 950 1194 989 ejectum
1352 953 1478 992 ejectum

97 1002 172 1028 1038
218 997 312 1037 partis
501 1001 595 1041 partis
785 1001 877 1039 partis
1067 1000 1178 1038 parteis
1352 1004 1465 1043 parteis

218 1048 357 1088 genitalis
501 1050 639 1090 genitalis
783 1049 923 1089 genitalis
1066 1049 1205 1088 genitalis
1350 1053 1507 1092 genitaleis

98 1101 172 1130 1039
219 1098 341 1128 Iri-itata
503 1099 608 1128 Iritata
785 1098 892 1128 Iritata
1066 1098 1185 1127 irritata
1353 1102 1481 1132 Inritata

218 1152 333 1176 tument
500 1153 614 1177 tumant
782 1153 898 1178 tumant
1067 1152 1181 1178 tument
1352 1156 1467 1182 tument

218 1196 353 1237 voluptas
500 1199 634 1229 voluntas
783 1197 919 1227 voluntas
1065 1197 1201 1228 voluntas
1352 1201 1489 1231 voluntas

219 1245 330 1276 Incitat
351 1246 469 1276 irritans
501 1248 611 1278 Incitat
633 1248 739 1278 iritans
784 1247 895 1277 Incitat
907 1247 1012 1277 iritans
1066 1248 1178 1277 Incitat
1200 1247 1319 1277 irritans

255 1294 312 1323 &C-
537 1298 596 1327 διο.
819 1298 876 1327 &c.
1103 1296 1159 1326 &c.

94 1349 166 1375 1041
216 1343 290 1372 unde
307 1348 355 1373 est
500 1348 574 1376 unde
589 1353 637 1378 est
780 1346 857 1375 unde
874 1351 922 1376 est
1065 1345 1172 1375 undest
1350 1347 1468 1377 unde’st

94 1399 168 1426 1042
217 1392 354 1432 Namque
500 1396 638 1435 Namque
783 1395 921 1434 Namque
1066 1395 1196 1434 Nanque
1355 1396 1494 1436 Namque

214 1442 384 1483 plerumque
498 1446 657 1486 plerunque
780 1444 941 1484 plerunque
1064 1444 1227 1485 plerunque
1351 1446 1523 1487 plerumque

215 1493 320 1523 vulnus
497 1495 602 1524 vulnus
782 1493 888 1523 vulnus
1065 1494 1171 1524 vulnus
1351 1495 1454 1525 volnus

215 1543 309 1581 ipsam
499 1544 579 1574 illam
782 1543 862 1573 illam
1065 1543 1145 1572 illam
1351 1545 1433 1574 illam

94 1597 168 1622 1044
215 1593 366 1623 comminis
498 1595 658 1624 communis
783 1594 942 1623 communis
1064 1592 1225 1621 comminus
1350 1595 1481 1624 cominus

216 1646 330 1673 hostem
499 1648 592 1673 ostem
783 1647 877 1672 ostem
1066 1642 1181 1670 hostem
1350 1644 1466 1673 hostem

214 1697 322 1732 ocupat
499 1698 624 1733 occupat
783 1696 908 1731 occupat
1065 1696 1191 1731 occupat
1350 1696 1476 1732 occupat

94 1745 167 1771 1045
215 1741 291 1771 taelis
502 1742 570 1772 telis
782 1742 852 1771 telis
1066 1740 1134 1769 telis
1350 1741 1419 1771 telis

215 1791 292 1819 ictus
500 1791 566 1820 ictis
783 1792 851 1821 ictis
1065 1789 1143 1818 ictus
1350 1791 1441 1821 ictum

93 1844 167 1869 1048
213 1840 313 1869 choire
499 1842 599 1871 choire
782 1841 882 1870 choire
1065 1837 1144 1867 coire
1350 1841 1428 1871 coire

94 1893 168 1922 1049
214 1890 352 1919 eductum
500 1892 637 1921 eductum
783 1891 919 1920 eductum
1066 1887 1185 1917 ductum
1350 1889 1470 1919 ductum

93 1943 168 1969 1050
217 1939 355 1978 Namque
501 1941 639 1980 Namque
784 1940 922 1979 Namque
1067 1937 1197 1976 Nanque
1352 1939 1492 1979 Namque

214 1994 296 2018 muta
499 1995 580 2020 muta
781 1993 863 2018 muta
1066 1986 1159 2016 multa
1350 1986 1444 2018 multa

93 2041 164 2067 1051
215 2043 312 2068 autem
326 2043 374 2068 est
499 2044 629 2070 autemst
781 2042 912 2068 autemst
1065 2039 1195 2065 autemst
1350 2039 1491 2069 autem'st

93 2091 168 2117 1052
214 2087 299 2118 illata
499 2091 583 2120 illata
781 2087 867 2117 illata
1065 2084 1150 2114 illata
1350 2089 1408 2118 illae

215 2138 338 2176 primum
498 2139 623 2178 primum
780 2137 904 2176 primum
1064 2134 1147 2174 prius
1349 2139 1475 2178 primum

94 2191 168 2217 1053
214 2188 358 2218 successit
499 2189 644 2219 successit
781 2186 926 2215 successit
1064 2184 1209 2215 successit
1350 2187 1483 2218 succedit

214 2237 324 2277 frigida
497 2240 608 2279 frigida
779 2235 890 2276 frigida
1063 2234 1173 2275 frigida
1350 2238 1463 2268 fervida

95 2289 169 2314 1054
218 2286 296 2315 Nam
311 2286 336 2316 si
348 2287 432 2316 abest
500 2289 611 2318 Namst
783 2285 894 2314 Namst
1065 2284 1194 2323 Nanque
1202 2285 1227 2315 si
1236 2286 1319 2316 abest
1351 2287 1431 2316 Nam
1446 2286 1472 2316 si
1486 2286 1572 2316 abest

216 2334 373 2364 simulacra
498 2337 677 2366 simulachra
781 2335 960 2364 simulachra
1064 2333 1221 2363 simulacra
1350 2336 1506 2367 simulacra

95 2387 169 2413 1055
216 2384 296 2414 auris
499 2387 577 2416 auris
781 2384 860 2413 auris
1064 2382 1161 2412 aureis
1349 2386 1446 2415 aureis

94 2435 168 2463 1056
216 2434 371 2463 simulacra
499 2435 677 2465 simulachra
780 2432 960 2462 simulachra
1064 2431 1222 2462 simulacra
1348 2435 1504 2465 simulacra

94 2487 169 2515 1057
217 2485 377 2513 Absterere
499 2486 675 2514 Abstertere
782 2482 956 2512 Abstertere
1065 2482 1242 2511 Absterrere
1349 2487 1526 2515 Absterrere

94 2536 169 2562 1058
217 2535 380 2574 conjectum
498 2535 661 2573 conjectum
781 2531 945 2570 conjectum
1064 2532 1227 2570 conjectum
1349 2535 1511 2565 conlectum

216 2594 338 2622 quaeque
499 2594 613 2623 queque
666 2606 672 2613 .
782 2591 904 2620 quaeque
1065 2590 1191 2619 quaeque
1349 2594 1472 2624 quaeque

93 2634 168 2663 1059
215 2644 313 2662 amore
498 2643 597 2662 amore
782 2641 880 2660 amore
1065 2640 1191 2658 amorem
1349 2643 1446 2663 amore

93 2682 169 2710 1060
217 2683 258 2711 Et
500 2682 541 2711 Et
783 2681 825 2711 Et
1067 2679 1134 2708 Nec
1351 2684 1393 2713 Et

189 2704 193 2767 1
214 2738 385 2772 certumque
499 2736 665 2771 certamque
783 2736 951 2771 certamque
1066 2733 1236 2769 certumque
1349 2737 1517 2772 certumque

93 2780 168 2809 1062
189 2768 193 2819 s
214 2783 308 2824 gestit
499 2780 594 2820 gescit
783 2781 882 2820 gescit
1066 2779 1166 2819 gliscit
1347 2783 1448 2824 gliscit

190 2822 193 2831 Ι
215 2842 337 2862 erumna
498 2841 620 2860 erumna
784 2840 904 2860 erumna
1066 2839 1185 2859 erumna
1348 2842 1475 2862 aerumna

95 2879 170 2909 1065
215 2881 338 2911 vulnera
500 2881 622 2911 vulnera
783 2880 903 2911 vulne-,a
1066 2879 1187 2910 vulnera
1350 2882 1469 2912 volnera
