1967 3314
595 271 816 322 LIBRI
859 271 1102 321 PRIMI.
1499 283 1588 331 187

1333 432 1374 452 EX
1384 433 1546 456 TYx’OGRA-

453 453 574 475 PAULUS
590 455 725 477 mumm—
745 456 943 477 THEODORUS
957 457 999 477 ΒΕ

208 485 405 508 nummus·
525 508 659 529 renem.
759 509 994 531 RAGAzomnns.
1104 489 1216 511 *¹⁸³⁰*
1303 486 1381 506 mm
1397 487 1576 511 socmmns

1345 541 1415 561 meo
1419 541 1526 562 imme
1531 556 1538 562 .

240 608 368 639 Bn'xiae.
807 613 949 644 Venetii&
1090 613 1226 645 Venetiis.
1373 614 1506 655 Biponti.

1021 673 1295 684 -ὴ

215 700 289 730 Sine
300 702 401 731 Anno.
833 704 915 734 1495.
1118 708 1198 736 1500.
1400 707 1484 737 1782.

192 791 344 821 Praeterea
376 791 432 822 tel·
474 791 625 822 Praeterea
658 793 714 823 tel·
758 792 910 823 Praeterea
941 793 997 823 tel·
1040 793 1088 822 Ex
1101 793 1286 835 alienigenis,

229 841 288 876 lus,
302 843 353 871 Βία.
509 842 568 878 lus,
590 842 646 873 &c.
795 842 854 878 lus,
876 842 933 873 8ιο.
1078 842 1135 872 &c.
1369 845 1477 876 desunt
1503 846 1562 877 duo

192 892 240 921 Ex
254 891 438 932 alienigenis,
474 891 520 921 Ex
530 892 717 933 alienigenis,
759 892 807 921 Ex
817 892 1002 933 alienigenis,
1041 892 1194 923 Praeberea
1219 894 1275 925 tel·
1411 906 1517 926 versus·

242 942 299 972 &c-
518 942 574 971 &a
798 942 855 972 δίο.
1079 944 1137 980 lus,
1152 944 1210 974 &c-

191 991 328 1022 latitandi
340 992 426 1034 copia
471 991 557 1032 copia
582 992 717 1031 quaedam
759 992 844 1033 copia
864 993 1000 1032 quaedam
1040 993 1177 1024 latitandi
1199 995 1284 1035 copia
1324 996 1460 1027 latitandi
1483 996 1569 1037 copia

232 1042 367 1081 quaedam
509 1040 648 1072 latitandi
798 1042 936 1073 latitandi
1081 1044 1216 1082 quaedam
1364 1046 1501 1086 quaedam

472 1091 563 1120 sumit
760 1092 850 1123 sumit
1041 1093 1132 1123 sumit
1325 1095 1418 1126 sumit

474 1146 506 1172 et
759 1148 790 1173 et
1041 1146 1075 1171 ut
1325 1149 1358 1175 ut

473 1193 567 1222 omnis
758 1192 852 1222 omnis
1042 1192 1152 1222 omneis
1324 1196 1436 1226 omneis

471 1241 620 1271 immixtas
758 1241 908 1272 immixtas
1043 1241 1187 1271 immistas
1324 1244 1468 1275 immistas

471 1290 598 1330 plurima
758 1291 883 1331 plurima
1041 1290 1167 1330 plurima
1323 1293 1420 1332 pluria

472 1339 566 1370 mixta
758 1341 850 1370 mixta
1041 1339 1129 1369 mista
1324 1343 1414 1372 mista

471 1395 608 1430 promptu
756 1396 892 1431 promptu
1040 1395 1175 1431 promptu
1324 1396 1440 1431 promtu

187 1440 337 1480 repulsum
348 1444 396 1471 est
471 1440 651 1480 repulsumst
756 1441 934 1481 repulsumst
1040 1440 1191 1480 repulsust
1323 1442 1514 1482 repulsum'st

189 1490 311 1522 minacis
470 1489 593 1519 minacis
620 1490 727 1526 (minu-
755 1491 878 1521 minacis
894 1491 1001 1527 (minu.
1039 1490 1168 1521 minutas
1322 1491 1452 1523 minutas

509 1543 572 1578 tas)
794 1546 857 1579 tas)

189 1590 220 1619 in
471 1589 502 1618 in
755 1591 786 1620 in
1039 1589 1121 1619 deest
1321 1591 1402 1621 deest

190 1639 301 1678 aliquid
471 1639 585 1679 aliquid
756 1641 867 1681 aliquid
1039 1638 1151 1679 aliquid
1322 1640 1412 1671 alium

190 1698 258 1727 quae
472 1699 529 1728 que
757 1702 814 1731 que
1039 1699 1108 1728 quae
1323 1701 1392 1730 quae

192 1739 265 1768 Cum
472 1739 550 1773 Qum
757 1740 834 1774 Qum
1041 1738 1114 1767 Cum
1324 1741 1398 1769 Cum

190 1787 317 1828 lapidem
472 1788 599 1828 lapidem
757 1789 883 1829 lapidem
1040 1786 1167 1826 lapidem
1323 1790 1415 1831 lapidi

189 1838 219 1867 in
472 1837 503 1868 in
756 1839 786 1868 in
1040 1838 1070 1867 in
1323 1840 1404 1870 deest

189 1888 288 1918 herbis
471 1887 571 1917 herbis
756 1888 855 1918 herbis
1039 1889 1147 1919 herbas
1323 1890 1431 1919 herbas

189 1937 294 1967 latices
472 1936 577 1966 latices
756 1938 860 1968 latices
1039 1938 1144 1968 latices
1323 1939 1422 1969 laticis

188 1988 282 2018 dulcis
470 1986 566 2016 dulcis
755 1987 849 2017 dulcis
1039 1988 1151 2018 dulceis
1323 1988 1435 2018 dulceis

188 2040 318 2080 lanigera·
472 2036 602 2076 lanigere
755 2037 885 2077 lanigere
1038 2038 1180 2078 lanigerae
1324 2037 1466 2078 lanigerae

188 2089 290 2130 quales
471 2086 573 2125 quales
756 2087 858 2126 quales
1039 2088 1141 2127 quales
1324 2087 1405 2127 quali

189 2140 278 2169 ubere
471 2136 560 2166 ubere
755 2137 844 2165 ubere
1038 2138 1128 2167 ubere
1322 2138 1414 2168 ubera

190 2189 310 2220 Scilicet
472 2186 593 2216 Scilicet
760 2186 880 2216 Scilicet
1040 2188 1089 2218 Sic
1102 2188 1173 2232 lipet
1325 2188 1443 2217 Scilicet

187 2240 302 2270 fricatis
470 2235 579 2266 fimau's
755 2236 864 2266 fimatis
1037 2233 1134 2270 fn‘efis
1321 2237 1419 2267 friatis

188 2290 364 2330 frondesque
471 2287 649 2327 frondesque
755 2286 932 2326 frondesque
947 2329 953 2337 A
1037 2289 1224 2329 frondeisque
1321 2286 1509 2327 frondeisque
1522 2303 1523 2306 =

190 2344 221 2369 et
756 2342 787 2367 et
883 2362 885 2364 .
1039 2343 1070 2368 et
1322 2341 1411 2375 atque

190 2394 299 2418 terram
755 2392 864 2417 ten-am
1038 2393 1146 2418 terram
1321 2386 1409 2416 terris

190 2437 300 2467 minute
756 2438 877 2467 minutae
1038 2438 1149 2467 minute
1322 2434 1433 2464 minute

193 2486 330 2527 ignisque
757 2487 892 2527 ignisque
1038 2486 1192 2526 igneisque
1320 2484 1474 2524 igneisque

191 2536 264 2566 nihil
757 2535 830 2566 nihil
1038 2536 1079 2564 nil
1321 2532 1363 2562 nil

190 2586 298 2615 mixtas
756 2587 865 2616 mixtas
1041 2585 1145 2614 mistas
1322 2582 1427 2613 mistas

190 2635 323 2665 immixta
757 2637 786 2665 in
802 2638 896 2666 mixta
1037 2633 1166 2664 immista
1322 2632 1453 2662 immista

193 2684 291 2713 facere
755 2685 870 2726 fulgere
1036 2685 1134 2714 facere
1320 2681 1419 2711 facere

193 2734 297 2764 Donec
322 2734 445 2763 cohorte
475 2737 579 2766 Donec
617 2739 718 2765 coorto
756 2735 861 2764 Donec
899 2739 999 2765 coorto
1039 2735 1141 2764 Donec
1147 2733 1291 2763 fluxerunt
1322 2732 1427 2761 Donec
1434 2731 1581 2761 fulserunt

227 2784 374 2815 fulserunt
388 2783 445 2813 ful·
511 2785 656 2815 fulserunt
675 2785 727 2814 fla·
793 2785 939 2814 fulserunt
951 2784 1004 2813 fla-
1076 2784 1201 2814 flammae
1234 2782 1291 2812 ful·
1347 2780 1471 2812 flammae
1482 2781 1580 2823 fulgo-

230 2846 304 2875 g‘ure
311 2836 444 2874 flammae
512 2845 569 2865 mae
582 2835 705 2876 fulgore.
797 2845 842 2863 me
855 2833 979 2875 fulgore.
1077 2844 1148 2873 gore
1161 2836 1273 2869 coorto,
1350 2843 1383 2862 re
1398 2837 1515 2864 coorto:

191 2886 305 2917 ardoris
474 2885 587 2915 arboris
759 2884 872 2914 arboris
1040 2882 1152 2913 ardoris
1323 2882 1436 2913 ardoris

192 2935 265 2970 Quae
475 2935 540 2968 Que
759 2934 824 2969 Que
1040 2933 1117 2967 Quae
1326 2931 1404 2968 Quae
