1967 3314
342 265 437 306 414
774 253 1391 306 ANNOTATIONES

506 393 575 422 465
598 388 756 433 Denique
773 387 1004 433 Tyndaridem
1021 394 1167 433 raptam,
1181 387 1345 433 belloque
1360 387 1521 422 subactas

386 457 450 488 Rae
463 462 564 498 gestas
580 467 644 487 non
660 467 725 487 esse
740 467 793 496 per
807 467 848 487 sc.
871 466 898 487 v.
914 460 985 487 478.

506 565 573 594 470
597 559 757 604 Namque
771 558 867 593 aliud
883 560 997 600 rebus,
1012 557 1106 592 aliud
1123 556 1318 602 regionibus
1334 556 1417 602 ipsis

592 617 764 651 Eventum
782 616 850 651 dici
867 616 1008 662 poterit,
1023 615 1267 662 quodcumque
1284 614 1350 650 erit
1365 620 1493 650 actum.

387 687 425 722 Q.
440 696 465 716 c.
482 686 578 716 terris.

505 790 571 818 478
598 783 673 817 Nec
691 782 779 816 clam
796 782 962 817 durateus
981 783 1097 816 Troiai
1114 783 1279 827 Pergama
1295 788 1395 827 partu

384 853 427 884 0.
443 863 468 884 c.
484 853 636 894 Trojanis.

502 957 567 985 487
596 950 780 995 Stringere:
796 960 876 982 nam
893 947 1006 983 solido
1021 947 1166 983 vincunt
1183 959 1224 983 ea
1241 958 1386 993 corpore
1399 948 1526 981 demum
1539 958 1552 980 .-

386 1019 426 1054 Q.
443 1028 467 1049 c.
485 1018 676 1059 stinguere..
698 1018 874 1048 Damnum.

506 1123 571 1150 488
596 1116 642 1150 Et
660 1115 687 1150 si
705 1114 843 1150 difficile
861 1126 936 1150 esse
954 1114 1091 1149 videtur
1107 1115 1252 1156 credere,
1276 1112 1460 1160 quistinam

388 1185 426 1221 Q.
443 1195 468 1215 c.
483 1184 559 1223 fors,
577 1185 689 1226 itaque.

506 1289 572 1317 492
596 1281 852 1328 Dissiliuntque
867 1280 942 1316 fero
947 1279 1121 1326 ferventia
1137 1292 1220 1316 saxa
1235 1291 1383 1326 vapore:

388 1349 429 1380 V.
445 1360 471 1380 c.
486 1349 629 1388 ferventi3
652 1350 754 1390 probe.

505 1452 571 1481 505
595 1445 784 1481 Dissimilis
801 1458 911 1480 rerum
927 1444 1024 1491 longe*
1041 1451 1201 1480 constare
1216 1445 1413 1491 reperta’st‚

383 1515 460 1556 Leg.
482 1515 576 1555 longe
591 1524 706 1545 rerum.

507 1616 571 1645 518
597 1609 808 1652 Concilium,
826 1609 921 1654 quod
937 1610 1046 1644 Inane
1063 1615 1167 1655 queat
1184 1621 1295 1643 rerum
1312 1607 1485 1644 cohibere.

383 1679 505 1721 Vngo,
521 1684 648 1710 tectum.

505 1783 571 1812 522
597 1776 711 1811 Omne
730 1774 821 1810 foret
839 1774 989 1810 solidum
995 1787 1005 1818 3
1029 1773 1097 1809 nisi
1114 1773 1236 1809 contra
1253 1785 1401 1820 corpora
1417 1787 1505 1809 caeca

384 1853 428 1884 V.
445 1862 471 1883 c.
486 1856 579 1882 certa.

507 1953 574 1983 524
600 1946 725 1990 Omne,
741 1946 836 1992 quod
853 1952 918 1989 est,
936 1945 1084 1992 spatium
1100 1957 1248 1981 vacuum
1266 1952 1443 1982 constaret
1459 1946 1573 1982 inane.

384 2017 480 2057 Lege,
499 2017 604 2048 Omne
615 2016 699 2057 quod
714 2022 759 2046 est
777 2016 913 2056 spatium
928 2022 984 2047 etc.
1000 2015 1110 2047 deletis
1125 2015 1340 2046 commatibus,

507 2119 572 2148 543
597 2113 655 2148 De
672 2112 846 2158 nihiloque
863 2119 979 2148 renata
995 2112 1111 2148 forent
1127 2124 1344 2159 quaecunque
1360 2113 1527 2148 videmus.

383 2182 467 2215 Edit.
483 2182 600 2212 Veron.
647 2181 794 2217 Quaesita.

505 2286 570 2314 558
595 2280 709 2324 Quam
726 2290 844 2313 rursus
861 2278 967 2320 refici,
983 2284 1194 2324 quapropter
1211 2278 1314 2324 longa
1330 2279 1394 2312 diei

597 2341 748 2375 Infinitae

383 2424 458 2457 Fab.
475 2422 552 2454 Dies
566 2428 597 2453 et
611 2421 734 2452 infinita
748 2426 829 2452 aetas.
866 2421 909 2452 Et
924 2427 1005 2451 certe
1022 2421 1138 2452 Veron.
1156 2419 1295 2451 Infinita.

507 2526 569 2555 561
598 2519 639 2554 Id
655 2531 831 2565 nunquam
848 2518 972 2564 reliquo
987 2517 1138 2564 reparari
1155 2524 1312 2563 tempore
1328 2524 1461 2563 posset:

384 2588 482 2620 MSS.
504 2589 606 2627 Num,
621 2588 651 2619 id
667 2588 802 2629 relliqiis.
827 2588 911 2619 Edit.
928 2588 1044 2619 Veron.
1062 2586 1210 2627 Relh‘qiio
1224 2586 1256 2616 id
1272 2597 1443 2628 nunquam.
1482 2585 1618 2627 Optime.

507 2693 572 2722 569
599 2687 680 2731 Quo
695 2691 801 2732 pacto
817 2685 913 2728 fiant,
931 2692 966 2720 et
983 2697 1051 2732 qua
1066 2685 1100 2720 vi
1115 2696 1263 2731 cumque
1278 2691 1460 2737 genantur,

385 2754 465 2785 Dele
481 2755 570 2786 Vers.

504 2857 569 2886 573
595 2852 678 2886 Non
693 2851 823 2898 poterit
838 2851 927 2888 ratio
943 2851 1055 2889 reddi.
1072 2863 1152 2888 nam
1167 2850 1324 2887 funditus
1341 2852 1441 2886 onmis

382 2925 482 2966 Lego,
497 2924 594 2956 omni.
617 2924 685 2957 Lib.
704 2930 730 2957 l.
746 2937 773 2958 v.
789 2930 861 2959 621.
