1967 3314
118 678 152 708 V.

217 505 416 529 FERRANDUS.

249 630 377 662 Brixiae.

226 720 300 750 Sine
312 721 410 753 Anno.

504 291 726 348 LIBRI
772 289 1132 340 SECUNDI.

464 474 586 494 PAULUS
602 473 736 496 FRIDEN·
762 475 954 496 THEODORUS
970 474 1010 494 DE

767 529 1002 551 RAGAZONIBUS.

533 527 669 548 PERGER.

537 633 667 665 Veronae.

563 727 575 751 l
580 724 645 753 486.

819 630 956 660 Venetiis.

847 724 934 752 1495.

1106 632 1245 662 Veneriis.

1129 726 1143 751 1
1148 727 1214 752 500.

1503 300 1593 343 199

1348 450 1388 470 Ex
1401 451 1564 474 TYPOGRA-

1319 505 1397 525 PHIA
1413 505 1592 528 SOCIETATIS

1361 558 1554 580 BlPONTINAE.

1389 629 1525 670 Biponti.

1418 727 1432 752 1
1438 727 1503 756 782.

78 779 1593 794 -Ἢ--Ἤ--ᾑ-

100 816 155 843 142

101 866 157 892 143

102 916 157 944 147

104 965 159 991 148

105 1015 159 1042 149

106 1064 158 1089 151

106 1165 161 1191 152

107 1313 162 1338 155

106 1362 162 1386 154

107 1408 162 1436 156

107 1460 162 1488 157

72 1631 74 1633 ,
108 1608 163 1636 159

109 1755 165 1784 160

74 1836 77 1841 ,
109 1805 165 1833 162

110 1903 165 1932 163

110 1953 166 1981 164

108 2152 164 2181 165

109 2251 165 2280 166

110 2300 165 2332 167

110 2399 168 2427 168

112 2448 168 2480 169

113 2599 167 2630 171

202 811 271 841 hinc

203 872 290 901 quom

204 912 381 951 perfundens

205 967 342 1002 promptu

206 1022 297 1051 vapor
309 1013 336 1043 is

203 1062 283 1101 quod
301 1062 345 1091 sol

207 1111 374 1142 diverberat

207 1162 378 1202 singulatim

208 1223 334 1252 quaeque

208 1273 331 1302 vapores

207 1323 320 1352 conque

209 1364 367 1399 trahuntur

208 1422 274 1450 quae

209 1461 283 1490 Cum

208 1522 244 1541 ue
258 1522 390 1542 crescere
404 1523 464 1542 mo·

247 1572 281 1591 ra
293 1567 341 1592 est

209 1622 266 1650 que

210 1671 322 1700 caepere

210 1721 343 1740 connexa

210 1760 370 1800 procellere

210 1810 338 1850 spatium

211 1865 397 1890 transcurere

211 1909 314 1947 caelum

212 1958 293 1989 deest

210 2160 372 2199 persectari

210 2220 337 2250 quaeque

210 2259 337 2299 quicque

211 2310 267 2340 hec

210 2359 309 2399 ignari

213 2409 296 2439 reddi

215 2458 384 2498 Tautopere

215 2508 350 2539 humanis

215 2558 365 2588 moderate

216 2607 259 2637 Et
272 2608 338 2648 jam

214 2662 326 2687 caetera

214 2708 346 2738 mortalis

214 2858 383 2896 perveneris

216 2908 377 2938 blanditum

216 2957 296 2987 secla

485 815 555 845 hinc

486 877 555 905 qum

487 915 665 955 profundens

487 970 625 1006 promptu

489 1026 580 1055 vapor
593 1016 619 1045 is

489 1066 567 1105 quod
580 1065 625 1095 sol

489 1115 643 1145 diveberat

490 1165 662 1206 singulatim

490 1226 605 1255 queque

490 1276 615 1305 vapores

491 1325 606 1353 cunque

490 1365 649 1394 trahuntur

531 1570 595 1594 rast

493 1625 579 1654 quem

493 1675 609 1704 caepere

494 1715 620 1744 connixa

494 1764 660 1804 praecellere

495 1816 626 1855 spacium

494 1869 694 1894 transcurrere

495 1914 598 1943 caelum

494 1963 574 1993 deest

494 2163 656 2203 persectari

494 2223 609 2253 queque

494 2263 620 2303 quicque

495 2315 551 2343 hec

495 2363 626 2403 ignorari

496 2414 579 2443 reddi

498 2464 598 2493 Tanto
611 2474 700 2504 opere

497 2512 633 2542 humanis

498 2561 649 2591 moderate

500 2611 602 2640 Etiam

499 2665 606 2690 caetera

499 2710 632 2740 mortalis

500 2869 551 2898 per
567 2859 695 2889 Veneris

498 2908 661 2940 blanditum

499 2958 588 2989 saecla

492 1525 529 1543 ne
542 1524 674 1543 crescere
687 1524 734 1543 mo

770 810 818 839 hic

771 871 839 899 qum

772 911 950 951 profundens

772 965 910 1001 promptu

773 1011 890 1051 vaporis

774 1061 851 1099 quod
868 1060 913 1090 sol

775 1110 927 1140 diveberat

775 1159 946 1199 siugulatim

776 1220 890 1248 queque

777 1270 900 1299 vapores

777 1319 890 1348 cunque

775 1359 934 1387 trahuntur

777 1518 813 1536 ne
827 1517 959 1537 crescere
973 1517 1033 1536 mo·

817 1562 880 1587 rasi

780 1617 866 1645 quem

779 1667 891 1695 caepere

779 1706 904 1736 connixa

779 1756 946 1796 praecellere

780 1807 911 1845 spacium

780 1861 980 1887 transcurrere

779 1907 882 1937 caelum

780 1957 861 1987 deest

779 2156 940 2196 persectari

779 2217 895 2247 queque

780 2259 906 2297 quicque

780 2309 836 2337 hec

781 2359 910 2399 ignorari

781 2409 864 2439 reddi

782 2458 883 2487 Tanto
895 2467 982 2497 opere

782 2508 903 2537 humani

783 2557 932 2587 moderate

785 2607 885 2637 Etiam

783 2661 891 2686 caetera

781 2706 914 2737 mortalis

781 2767 839 2795 que

783 2807 826 2837 Et

782 2867 835 2896 per
848 2856 977 2886 Veneris

784 2906 946 2945 blanditum

783 2957 863 2988 secla

1055 813 1104 843 hic

1055 874 1122 893 cum

1056 912 1235 952 profundens

1057 968 1193 1003 promptu

1058 1024 1149 1053 vapor
1162 1014 1188 1043 is

1058 1064 1136 1102 quod
1148 1064 1193 1093 sol

1059 1113 1227 1142 diverberat

1059 1162 1233 1201 singillatim

1060 1223 1183 1251 quaeque

1062 1271 1186 1301 vapores

1062 1322 1176 1350 cunque

1061 1362 1251 1390 retrahuntur

1061 1421 1128 1450 quae

1063 1461 1137 1490 Cum

1063 1520 1117 1539 nec
1130 1520 1178 1540 res
1191 1520 1318 1541 remora-

1102 1565 1151 1590 tur

1063 1622 1150 1651 quem

1065 1672 1179 1701 coepere

1065 1720 1196 1740 connexa

1066 1759 1232 1800 praecellere

1066 1810 1193 1850 spatium

1066 1865 1268 1890 transcurrere

1065 1910 1167 1939 caelum

1068 1959 1147 1988 Nam
1153 1969 1247 1998 neque
1255 1968 1320 1987 con—

1104 2010 1171 2040 silio
1212 2011 1321 2045 debent

1105 2061 1225 2091 tardata
1259 2072 1320 2090 mo-

1102 2111 1172 2141 rari.

1066 2163 1245 2202 perscrutari

1065 2222 1188 2251 quaeque

1066 2261 1193 2301 quicque

1067 2313 1130 2341 haec

1066 2361 1163 2401 ignari

1066 2410 1151 2440 reddi

1068 2460 1237 2499 Tantopere

1067 2509 1202 2538 humanis

1066 2558 1215 2587 moderate

1070 2609 1111 2637 Et
1119 2608 1183 2647 jam

1067 2662 1175 2687 caetera

1067 2707 1216 2737 mortaleis

1068 2769 1133 2797 quae

1070 2809 1111 2838 Et

1068 2869 1119 2899 per
1134 2858 1262 2888 Veneris

1072 2908 1234 2939 blanditum

1070 2960 1150 2989 secla

1338 815 1407 844 hinc

1340 875 1407 894 cum

1340 914 1519 954 perfundens

1342 970 1458 1004 promtu

1344 1025 1434 1054 vapor
1447 1014 1472 1044 is

1343 1066 1428 1105 quasi
1441 1076 1507 1095 cum

1344 1114 1510 1145 diverberet

1343 1165 1515 1204 singillatim

1346 1225 1472 1254 quaeque

1346 1266 1463 1304 vaporis

1345 1325 1459 1353 conque

1346 1365 1538 1394 retrahuntur

1346 1425 1413 1454 quae

1349 1465 1422 1494 Cum

1347 1525 1400 1544 nec
1414 1525 1462 1544 res
1475 1525 1602 1544 remora-

1388 1570 1436 1594 tur

1349 1625 1435 1653 quem

1349 1674 1463 1703 coepere

1348 1713 1475 1742 connixa

1350 1761 1516 1802 praecellere

1349 1811 1477 1851 spatium

1350 1867 1550 1891 transcurrere

1350 1912 1453 1941 coelum

1352 1962 1431 1992 Nam
1438 1973 1532 2002 neque
1538 1973 1607 1992 con-

1389 2013 1457 2042 silio
1489 2013 1598 2042 debent

1389 2062 1510 2092 tardata
1536 2074 1597 2093 mo-

1389 2113 1457 2142 rari.

1351 2164 1531 2204 perscrutari

1352 2225 1475 2254 quaeque

1352 2264 1481 2303 quidque

1353 2314 1416 2342 haec

1352 2363 1448 2403 ignari

1351 2417 1452 2442 rentur

1351 2463 1521 2502 Tantopere

1351 2512 1486 2542 humanis

1351 2562 1510 2592 moderatis

1353 2612 1419 2641 Nec
1426 2612 1491 2651 jam

1351 2667 1450 2692 cetera

1352 2712 1501 2742 mortaleis

1353 2774 1418 2801 quae

1354 2812 1396 2841 Ut

1354 2872 1405 2902 per
1420 2861 1548 2892 Veneris

1353 2911 1505 2941 blanditim

1355 2961 1444 2991 saecla
