1967 3314
341 287 435 328 ‘298

379 665 420 695 V.

375 805 433 834 947

377 854 435 883 950

381 1200 436 1230 951

383 1300 441 1328 952

383 1349 440 1378 953

383 1398 442 1427 954

385 1501 442 1530 955

386 1547 443 1579 956

387 1600 444 1628 958

387 1649 444 1678 959

389 1845 444 1876 961

389 1895 447 1926 962

391 1994 448 2024 965

633 277 1085 328 VARIANTES
1131 274 1562 326 LECTIONES

487 491 664 513 FERRANDU
670 493 693 512 S.

533 617 660 647 Bffxiae.

503 707 576 736 Sine
589 707 686 737 Anno.

481 797 542 828 alte

482 846 676 887 palpebreqne

482 896 671 936 poplicesque

484 944 604 974 cubanti

476 994 560 1032 Saepe
566 997 665 1023 tamen
674 993 741 1022 sub·
759 992 843 1033 Saepe
850 997 948 1022 tamen
957 993 1023 1022 sub·
1042 991 1126 1031 Saepe
1135 997 1234 1023 tamen
1242 994 1307 1024 sub·
1326 993 1410 1032 Saepe
1417 998 1516 1023 tamen
1524 992 1590 1022 sub-

515 1043 673 1073 mittuntur
697 1043 740 1072 vi·

516 1103 621 1133 resque
650 1093 740 1123 resol-

516 1148 599 1175 *cunt-

489 1497 614 1523 contusa

491 1547 576 1583 parte

491 1593 613 1622 divisior

495 1642 554 1672 Est

493 1701 552 1730 quo

494 1740 651 1770 defunctus

494 1791 617 1820 adheret

495 1851 531 1870 ea

495 1891 666 1931 plerumque

496 1942 599 1981 proelia

498 1991 610 2020 Nautae

498 2041 605 2080 degere

498 2089 606 2119 vellum

498 2148 621 2178 querere

501 2190 608 2219 Cetera

499 2242 580 2268 artes

499 2289 668 2328 plerumque

499 2337 608 2367 multas

500 2386 636 2416 assiduas

501 2435 635 2465 dederint

502 2485 671 2526 plerumque

503 2535 577 2564 Cum

505 2585 659 2624 Reliquias

504 2634 635 2675 patentis

505 2695 600 2714 rerum

504 2734 661 2764 simulacra

507 2783 566 2812 Per
577 2782 686 2812 multos

506 2831 644 2860 saltantis

505 2880 650 2910 moventiS

508 2929 549 2959 Et

506 2979 620 3011 cithare

763 795 836 824 altae

764 844 969 884 palpebraeque

765 893 950 934 poplitesque

767 943 888 973 cubanti

799 1148 881 1173 vunt.

769 1203 851 1233 soepe

773 1242 841 1271 Hee

771 1291 865 1321 omnis

771 1347 858 1373 extat

773 1392 825 1431 qui

774 1446 827 1471 tun

773 1495 899 1521 contusa

774 1544 858 1581 parte

773 1589 895 1619 divisior

778 1638 820 1668 Et

777 1697 837 1727 quo

778 1736 935 1766 defunctus

779 1785 903 1815 adheret

780 1846 816 1865 ea

781 1885 942 1926 plerunque

781 1936 874 1977 prelia

782 1986 886 2016 Naute

782 2036 891 2075 degere

782 2084 889 2113 vellum

785 2143 907 2173 querere

782 2182 898 2212 Caetera

781 2242 866 2262 arces

782 2282 943 2322 plerunque

784 2332 893 2361 multas

785 2381 921 2411 assiduas

784 2429 919 2459 dederint

785 2479 946 2520 plerunque

787 2530 861 2559 Cum

788 2578 932 2617 Reliquas

788 2627 919 2667 patentis

788 2678 875 2707 rebus

789 2727 968 2757 simulachra

790 2778 848 2807 Per
861 2777 968 2807 multos

797 1043 956 1073 mittuntur
980 1042 1022 1071 vi-

800 1099 904 1132 tesque
931 1091 1022 1122 resol-

737 460 861 485 PAULUS
874 457 1010 479 rmum·
1035 456 1228 479 Tfflonouus
1242 459 1284 480 DE

1041 510 1277 533 RAGAzomnus.

1095 614 1234 647 Venetiis.

1124 709 1208 738 1495.

1047 844 1252 885 palpebraeque

1050 894 1237 934 poplitesque

1050 943 1171 973 cubanti

1080 1041 1239 1072 mittuntur
1265 1043 1308 1072 vi-

1081 1095 1186 1132 tesque
1217 1093 1308 1122 resol-

1083 1147 1168 1173 vunt.

1052 1202 1131 1232 saepe

1055 1242 1122 1271 Hee

1052 1291 1147 1320 omnis

1054 1345 1138 1370 extat

1054 1389 1106 1428 qui

1056 1445 1110 1468 tun

1057 1493 1182 1519 contusa

1060 1697 1119 1726 quo

1061 1735 1219 1766 defunctus

1063 1785 1186 1814 adheret

1060 1846 1097 1865 ea

1064 1884 1226 1925 plerunque

1064 1935 1169 1974 praelia

1066 1984 1171 2014 Naute

1065 2033 1174 2073 degere

1064 2083 1171 2112 vellum

1064 2143 1186 2172 querere

1065 2182 1184 2211 Caetera

1066 2241 1148 2260 arces

1066 2281 1226 2320 plerunque

1066 2330 1175 2360 multas

1068 2380 1203 2410 assiduas

1067 2431 1203 2460 dederint

1069 2480 1230 2519 plerunque

1070 2531 1093 2560 C
1097 2541 1144 2560 um

1071 2578 1214 2618 Reliquas

1070 2629 1200 2668 patentis

1070 2680 1157 2709 rebus

1070 2728 1249 2759 simulachra

1073 2779 1130 2808 Per
1142 2778 1253 2808 multos

1071 2829 1210 2859 saltantis

1070 2878 1216 2908 moventis

1072 2929 1117 2958 Ec

1073 2977 1195 3018 cythare

1049 3033 1066 3041 q

1335 844 1539 885 palpebraeque

1336 894 1522 934 poplitesque

1336 944 1457 972 cubanti

1365 1042 1522 1072 mittuntur
1548 1043 1590 1071 vi-

1366 1103 1472 1132 resque
1500 1092 1591 1123 resol-

1367 1147 1449 1172 vunt.

1338 1202 1406 1231 quae

1342 1242 1416 1272 Haec

1338 1291 1433 1322 omnis

1339 1345 1425 1371 extat

1340 1391 1410 1430 quia

1339 1444 1402 1470 tum

1341 1490 1461 1520 contusa

1342 1551 1428 1582 porro

1342 1590 1479 1620 clivosior

1345 1640 1387 1669 Et

1345 1698 1404 1728 quo

1345 1737 1501 1768 defunctus

1346 1787 1478 1817 adhaeret

1346 1847 1382 1866 ea

1346 1886 1507 1927 plerunque

1347 1936 1450 1976 praelia

1350 1985 1461 2014 Nautae

1349 2035 1456 2075 degere

1347 2084 1456 2113 bellum

1347 2143 1477 2172 quaerere

1348 2182 1467 2212 Caetera

1349 2236 1429 2262 artes

1349 2281 1510 2322 plerunque

1349 2329 1457 2360 multas

1351 2379 1486 2409 assiduas

1351 2429 1486 2458 dederint

1352 2478 1512 2518 plerunque

1353 2538 1418 2557 cum

1356 2578 1521 2618 Belliquias

1354 2628 1502 2669 patenteis

1354 2689 1451 2708 rerum

1353 2728 1510 2758 simulacra

1356 2777 1414 2806 Per
1425 2776 1532 2806 multos

1354 2827 1511 2857 saltanteis

1354 2876 1516 2906 moventeis

1356 2925 1398 2955 Et

1355 2975 1476 3006 citharae

1619 433 1660 453 Ex
1672 434 1820 455 TYPOGRA
1827 445 1838 452 .

1595 486 1674 507 PulA
1690 488 1871 510 somnwus

1638 541 1668 561 1³1
1673 541 1832 563 Pox'rmss.

1623 1490 1748 1516 contusa

1625 1545 1712 1575 porm

1625 1584 1748 1614 divisior

1629 1634 1672 1664 Et

1627 1684 1696 1724 quoi

1628 1733 1782 1764 devinctus

1627 1783 1762 1814 adhaeret

1628 1844 1688 1873 qua

1628 1883 1801 1924 plerumque

1629 1932 1733 1973 proelia

1631 1983 1743 2013 Nautae

1630 2042 1751 2063 cernere

1630 2081 1738 2111 bellum

1630 2142 1760 2171 quaerere

1631 2182 1738 2211 Cetera

1631 2235 1712 2260 artes

1632 2279 1801 2319 plerumque

1634 2330 1741 2359 multos

1633 2379 1772 2410 adsiduas

1634 2429 1778 2460 dederunt

1634 2479 1803 2519 plerumque

1636 2529 1732 2564 Quom

1636 2579 1781 2619 Reliqiias

1635 2628 1782 2669 patenteis

1636 2687 1731 2708 rerum
1795 2677 1798 2679 ’

1636 2726 1792 2757 simulacra

1636 2775 1805 2805 Pei-multos

1636 2824 1793 2855 saltanteis

1637 2875 1799 2905 moventeis

1640 2924 1681 2954 Et

1638 2974 1759 3005 citharae
