1967 3314
310 286 408 327 350
588 274 1050 324 VARIANTES
1097 274 1534 326 LECTIONES

710 457 832 478 munus
848 457 984 477 rmum«-
1002 456 1199 478 'rneonouus
1218 458 1259 478 nr:
1596 442 1635 462 Ex
1648 443 1813 466 'mmmm'

1011 509 1248 532 Racazotunus.

458 492 663 513 rannAxnus.

779 511 915 531 PERGER.
1565 495 1642 516 PHlA
1658 497 1809 520 socxmA’r

1606 549 1799 573 meoxrmffi.

1060 615 1093 643 V
1091 614 1204 646 enetiie.

481 707 554 736 Sirae
567 706 666 735 Anno.
1095 710 1176 738 1495.

1663 715 1677 740 1
1682 715 1746 744 782.

451 794 626 836 pertundere
735 793 892 833 percudere
1015 795 1173 834 percudere
1302 796 1476 835 pertundere
1586 800 1761 838 pertundere

453 846 516 875 haec
735 844 790 872 hec
1018 844 1080 873 haec
1303 847 1364 875 haec
1587 849 1649 878 haec

455 894 660 934 Nequicquam
738 890 787 920 Ne
798 891 936 931 quiquam
1020 892 1070 921 Ne
1083 893 1221 932 quiquam
1303 896 1496 935 nequicquam
1590 898 1801 939 Nequidquam

453 947 591 983 poterant
736 944 874 980 poterant
1018 947 1156 982 poterant
1304 949 1441 983 poterant
1591 952 1708 988 poterat

455 992 550 1033 pretio
738 990 836 1030 precio
1021 992 1121 1031 precio
1306 993 1401 1032 pretio
1591 997 1686 1037 pretio

456 1052 496 1072 aes
738 1041 819 1071 deest
1021 1040 1102 1069 deest
1307 1052 1350 1072 aes
1590 1057 1632 1076 aes

457 1092 487 1122 in
501 1091 660 1121 utilitatem
739 1091 928 1123 inutilitatem
1023 1091 1212 1121 inutilitatem
1308 1093 1498 1123 inutilitatem
1592 1095 1784 1127 inutilitatem

458 1146 589 1171 retusum
740 1153 875 1174 recusum
1024 1152 1157 1171 recusum
1309 1147 1439 1172 retusum

1593 1150 1725 1176 retusum

458 1191 603 1221 volvenda
743 1192 887 1222 volvendo
1025 1191 1168 1220 volvendo
1311 1192 1454 1222 volvendo
1597 1195 1742 1224 volvenda

460 1252 534 1272 aeras
743 1246 817 1272 aetas
1027 1246 1103 1272 aetas
1311 1247 1383 1272 aetas
1597 1249 1674 1275 aetas

463 1291 557 1333 pretio
745 1293 844 1334 precio
1028 1292 1136 1332 praecio
1312 1291 1408 1331 pretio
1597 1293 1693 1334 pretio

464 1353 481 1371 e
746 1342 826 1371 deest
1029 1341 1110 1371 deest
1315 1352 1332 1370 e
1597 1354 1613 1372 e

464 1389 681 1430 contemptibus
747 1389 964 1429 contemptibus
1030 1391 1246 1429 contemptibus
1314 1389 1531 1429 contemptibus
1599 1391 1794 1422 contemtibus

465 1439 615 1481 adpetitur
747 1440 898 1480 adpetitur
1031 1441 1182 1480 adpetitur
1316 1438 1466 1477 adpetitur
1599 1441 1751 1481 appetitur

467 1489 622 1520 Clauditur
751 1490 912 1520 claudibus
1033 1491 1194 1521 Claudibus
1318 1488 1469 1517 Laudibus
1602 1490 1754 1520 Laudibus

467 1539 542 1568 miro
553 1542 601 1568 est
751 1539 825 1568 miro
837 1543 885 1568 est
1034 1541 1107 1570 miro
1119 1546 1168 1570 est
1317 1537 1419 1566 mirost
1601 1540 1718 1570 miro'st

468 1587 602 1618 mortalis
752 1587 884 1617 mortalis
1035 1590 1169 1620 mortalis
1321 1586 1472 1616 mortaleis
1602 1588 1753 1618 mni-taleis

469 1636 557 1666 facile
569 1640 618 1666 est
753 1636 871 1667 facilest
1036 1638 1155 1668 facilest
1319 1635 1439 1665 facilest
1602 1637 1732 1667 sacile'st

471 1686 529 1727 ipsi
755 1687 813 1727 ipsi
1038 1688 1094 1728 ipsi
1321 1685 1416 1725 ipsum
1605 1688 1702 1728 ipsum

473 1746 526 1776 per
756 1738 837 1767 deest
1038 1738 1118 1768 deest
1323 1746 1376 1775 per
1604 1747 1660 1778 per

475 1785 720 1824 Efflammantque
758 1786 948 1817 Efflaminant
1040 1787 1230 1818 Efflaminant
1325 1786 1366 1815 Et
1387 1784 1503 1814 flamma
1530 1789 1576 1814 at·
1607 1787 1650 1817 Et
1671 1787 1793 1817 flammae
1815 1790 1847 1816 at

1355 1845 1412 1874 que

1325 1895 1414 1925 quam

1324 1935 1410 1975 copia
1423 1935 1515 1974 major

1639 1847 1697 1876 que

1607 1897 1694 1928 quam

1608 1937 1694 1978 copia
1706 1936 1799 1977 major

477 1881 565 1927 quain

477 1935 656 1976 cognitatior

760 1886 830 1926 quia

761 1946 797 1966 co

1041 1887 1111 1928 quia

1043 1947 1078 1967 co

479 1990 557 2015 terre
761 1991 851 2016 terrae
1044 1991 1130 2016 terrae
1325 1989 1411 2013 terrae
1609 1993 1698 2018 terrae

481 2035 601 2063 vulnera
762 2037 884 2065 vulnera
1045 2037 1166 2066 vulnera
1325 2033 1446 2063 vulnera
1609 2039 1730 2068 volnera

481 2085 559 2113 fasta
763 2086 843 2115 fasta
1045 2086 1125 2117 fasta
1327 2088 1415 2113 vasta
1610 2091 1696 2117 vasta

482 2134 625 2163 cedebant
764 2136 922 2165 credebant
1046 2137 1206 2166 credebant
1330 2134 1474 2162 cedebant
1609 2137 1753 2167 cedebant

483 2182 648 2211 obrobrium
665 2180 668 2184 ⁴
765 2186 950 2226 obprobrium
1047 2185 1231 2225 obprobrium
1327 2181 1511 2221 obprobrium
1610 2186 1796 2227 opprobrium

484 2231 610 2271 speciaes
623 2235 670 2261 est
767 2235 895 2275 speciest
1048 2235 1177 2275 speciest
1330 2230 1444 2270 Species
1457 2236 1504 2259 (²⁵1
1612 2235 1726 2276 species
1743 2239 1791 2265 est

485 2282 587 2311 ahaene
767 2285 894 2315 achaevae
1049 2285 1174 2314 achaevae
1330 2282 1432 2310 alicnae
1613 2286 1715 2314 ahenae

486 2333 564 2363 forro
769 2335 848 2365 ferro
1050 2334 1127 2363 ferro
1330 2329 1407 2358 ferro
1615 2334 1692 2364 ferro

489 2392 602 2422 coePffl‘ss
771 2395 886 2425 coepero
1052 2393 1167 2423 coepcro
1333 2389 1446 2419 ccepcre
1616 2394 1729 2425 coepere

490 2430 674 2472 proscindere
772 2434 940 2476 procindere
1052 2432 1221 2472 prociudcrc
1334 2427 1520 2468 proscindere
1617 2433 1805 2474 proscindere

491 2488 570 2512 “³¹7⁰
773 2492 860 2517 terrae
1054 2487 1143 2512 terrae
1335 2483 1422 2507 tcrrae
1617 2488 1703 2513 (ΘΠ-,ἂ

494 2533 707 2572 Exequataque
776 2536 824 2566 Ex
837 2538 1002 2575 equataque
1057 2532 1105 2560 Ex
1122 2536 1286 2571 equataque
1338 2529 1559 2568 Exaequataque
1622 2533 1847 2572 Exaequataque

492 2588 563 2613 sunt
772 2586 853 2615 deest
1054 2580 1136 2610 deest
1336 2584 1405 2609 sunt
1617 2587 1688 2612 sunt

494 2636 638 2663 armatum
776 2639 920 2665 armatum
1056 2635 1199 2660 armatum
1337 2633 1479 2659 armatum
1618 2634 1783 2672 reppertum
1805 2642 1809 2643 ⁷

494 2688 593 2713 costas
776 2684 882 2715 costr-is
1057 2681 1163 2710 costris
1338 2684 1436 2709 costas
1619 2685 1717 2710 costas

495 2737 638 2763 armatum
778 2738 922 2765 armatum
1058 2734 1202 2759 armatum
1339 2734 1483 2760 armatum
1620 2731 1769 2760 inventum

495 2782 652 2812 castarrito
777 2783 935 2815 castam-ito
1058 2779 1214 2809 castarrito
1339 2781 1421 2810 lucas
1441 2779 1537 2810 aurito
1622 2780 1719 2809 Lucas
1731 2777 1839 2808 turrito

495 2835 625 2871 torperet
776 2837 907 2874 torperet
1058 2833 1187 2870 torperet
1339 2841 1458 2870 corpore
1621 2839 1740 2870 corpore

494 2886 525 2910 et
539 2891 586 2911 ros
776 2888 806 2913 et
820 2894 867 2913 τω
1058 2884 1089 2909 et
1103 2890 1149 2910 res
1341 2884 1433 2909 tetros
1622 2884 1726 2909 taetros

493 2931 698 2971 Anguimanus
777 2931 982 2972 Anguimnnus
1059 2929 1262 2970 Anguimauus
1341 2929 1544 2969 Anguimanus
1625 2926 1827 2968 Anguimanos
