1967 3314
346 259 439 301 216

639 255 1093 306 VARIANTES
1142 257 1579 309 LECTIONES

487 470 594 492 FERRA
600 473 642 492 ΣΙ)
648 473 691 493 L'S.

525 599 651 629 Brixiae.

491 685 565 716 Sine
578 688 676 719 Anno.

463 787 529 815 quae

465 826 545 856 Huic

461 877 593 915 quemvis

460 936 527 964 quae

461 975 572 1005 imbuta

459 1036 524 1064 quae

459 1084 525 1103 cum

459 1123 592 1164 cecigeni

460 1174 578 1204 numina

460 1225 633 1265 Despexere

459 1275 578 1305 ineunte

459 1325 616 1364 conjuncta

459 1380 560 1405 nostre
590 1387 706 1416 quoquc

499 1425 590 1456 menti

462 1474 599 1504 noticiam

460 1524 569 1554 circum
585 1524 638 1554 lita

460 1583 645 1613 quaecunque

459 1623 533 1652 haut

459 1677 490 1702 et

458 1722 552 1752 omnis

459 1772 605 1812 quoddam

458 1833 579 1853 necesse
591 1827 638 1853 est

460 1872 510 1902 Ne

457 1921 579 1952 nihilum

459 1971 600 2001 Preterea

457 2020 608 2060 principiis

458 2074 490 2100 et

459 2120 574 2159 predita

460 2168 600 2198 Preterea

460 2219 560 2248 reffert

459 2276 574 2308 queque

460 2317 596 2357 qualibus

460 2367 665 2397 contineantur

461 2416 519 2446 Per
531 2416 612 2446 falile

459 2477 495 2496 ex
509 2467 619 2508 templo

460 2527 528 2557 quae

462 2567 632 2598 Marmorea

458 2622 584 2657 possunt

460 2678 526 2697 cum

461 2718 598 2748 candenti

462 2765 541 2796 deest

463 2817 608 2855 permixta
620 2822 667 2848 est

462 2865 541 2896 illius

463 2913 620 2956 Principiis

738 438 859 458 PAULL'S
876 437 1011 457 rium-m·
1035 440 1226 461 THEODORUS
1241 441 1282 460 DE

805 492 941 512 Ρειιοεκ.
1041 493 1275 514 RAcAzomBus.

812 599 939 628 Veronae.
1011 578 1016 663 1
1089 599 1225 629 Venetiie.

830 694 909 722 1486.
1114 693 1125 717 1
1132 692 1198 720 495·

748 792 805 820 que
1037 789 1094 817 que

749 831 835 859 Neve
1038 827 1125 856 Net'ss

747 889 832 918 quem
846 879 890 909 vis
1036 887 1121 915 quem
1136 878 1180 907 vis

747 938 804 967 que
1035 936 1092 965 que

747 978 859 1008 imbuta
1033 975 1147 1005 imbuta

746 1039 803 1067 que
1032 1035 1091 1064 que

745 1087 814 1116 qum
1034 1087 1102 1115 qum

745 1126 876 1166 cecigem
1033 1126 1162 1166 cecigem

746 1176 864 1206 numina
1033 1176 1152 1206 numina

747 1225 919 1266 Despexere
1023 1226 1207 1265 -Despexere

745 1274 864 1306 ineunte
1032 1275 1151 1305 inemite

734 1363 736 1366 ‚
746 1326 902 1366 conjuncta
1033 1326 1190 1366 conjuncta

746 1381 854 1405 nostrae
877 1386 992 1416 qnoque

784 1425 875 1455 menti

745 1475 881 1505 notitiam

745 1525 852 1555 circum
867 1525 920 1556 lita

744 1585 917 1614 quecunque

744 1624 823 1653 haud

744 1678 775 1703 et

744 1724 838 1754 omnis

744 1773 890 1812 quoddam

745 1826 896 1852 necessest

745 1871 827 1901 Nam

744 1922 867 1951 nihilum

744 1971 893 2002 Praeterea

741 2020 886 2061 principia

741 2075 773 2098 et

743 2120 866 2159 praedita

746 2169 896 2199 Praeterea

744 2219 835 2249 refert

743 2279 859 2309 queque

744 2319 880 2359 qualibus

746 2370 930 2399 contineatur

746 2419 890 2449 Perfacile

744 2468 879 2509 exemplo

744 2530 801 2559 que

746 2568 915 2598 Marmorea

746 2622 870 2657 possunt

744 2678 832 2708 quom

745 2718 889 2748 candente

745 2767 825 2798 deest

745 2819 892 2859 permixta
903 2822 950 2848 ost

745 2868 833 2898 ullius

746 2917 896 2958 Principio

1032 1380 1141 1405 nostrae
1160 1386 1276 1415 quoque

1069 1425 1161 1454 menti

1031 1475 1166 1505 notitiam

1033 1524 1141 1554 circum
1157 1525 1210 1554 lita

1030 1584 1215 1614 quaecunque

1032 1624 1112 1653 haud

1031 1677 1063 1702 et

1031 1723 1125 1752 omnis

1031 1771 1176 1811 quoddam

1031 1826 1182 1852 necessest

1031 1871 1111 1902 Nam

1030 1921 1152 1952 nihilum

1031 1971 1179 2001 Praeterea

1029 2021 1172 2062 principia

1029 2076 1061 2101 et

1030 2123 1154 2161 praedita

1031 2172 1180 2202 Praetcrea

1030 2221 1121 2251 refert

1030 2281 1144 2310 queque

1028 2321 1164 2360 qualibus

1029 2371 1216 2400 contineatur

1031 2418 1089 2448 Per
1101 2419 1188 2449 facile

1030 2469 1166 2510 exemplo

1029 2529 1086 2557 que

1031 2569 1196 2600 Mar-mores

1028 2625 1153 2660 possunt

1029 2680 1117 2709 quom

1029 2720 1174 2750 candente

1028 2768 1109 2798 deest

1029 2819 1175 2859 permixta
1187 2826 1235 2851 est

1011 2908 1017 2913 ⁶
1029 2868 1117 2899 ullius

1032 2919 1180 2960 Principio

1389 475 1501 497 ALDL‘S.

1374 601 1509 631 Venetiis.

1400 693 1482 720 1500.

1320 792 1386 821 quae

1320 830 1407 860 Neve

1320 881 1453 920 quemvis

1319 941 1385 969 quae

1319 979 1432 1009 imbuta

1319 1039 1385 1068 quae

1319 1089 1385 1108 cum

1319 1129 1470 1170 Caecigeni

1319 1179 1429 1210 lumina

1317 1229 1472 1269 dispexere

1317 1279 1436 1309 ineunte

1318 1329 1474 1369 conjuncta

1317 1384 1428 1410 nostrae
1447 1389 1562 1419 quoque

1355 1429 1446 1458 menti

1316 1479 1450 1510 notitiam

1316 1529 1479 1559 circumlita

1316 1589 1497 1618 quaecunquc

1316 1629 1395 1659 haud

1315 1680 1344 1708 in

1315 1728 1393 1757 omni

1316 1777 1462 1817 quoddam

1316 1832 1468 1857 necessest

1317 1877 1397 1906 Nam

1316 1927 1406 1957 nilum

1316 1976 1471 2006 Praeterea

1314 2026 1465 2066 principiis

1315 2080 1348 2105 at

1315 2127 1439 2166 praedita

1316 2175 1464 2206 Praeterea

1314 2224 1403 2254 refert

1315 2284 1436 2313 quaeque

1315 2324 1394 2363 quali

1314 2373 1520 2403 contineantur

1318 2422 1462 2452 Perfacile

1314 2473 1451 2512 exemplo

1313 2533 1379 2562 quae

1317 2573 1486 2602 Marmoreo

1314 2628 1438 2663 possunt

1315 2683 1379 2702 cum

1313 2723 1451 2754 candenti

1313 2784 1329 2803 e

1312 2822 1454 2862 permista
1465 2826 1512 2851 est

1312 2871 1390 2900 illius

1315 2920 1471 2961 Principiis

1619 422 1658 441 Ex
1670 422 1834 442 TYPOGRA-

1592 476 1629 496 Pu
1636 476 1670 495 IA
1683 475 1864 498 socnz‘rA‘ns

1630 530 1825 550 BiPONTR-*AE-

1660 601 1794 641 Biponti.

1681 696 1765 725 1782.

1607 792 1675 820 qua:

1609 831 1695 860 Neve

1606 881 1738 920 quemvis

1606 940 1671 969 quae

1606 979 1709 1010 induta

1605 1040 1671 1069 quae

1604 1091 1670 1110 cum

1606 1129 1753 1171 Caecigeni

1605 1178 1714 1209 lumina

1605 1229 1779 1269 Adspexere

1604 1278 1723 1309 ineunte

1603 1329 1754 1359 contincta

1603 1378 1695 1408 menti
1733 1389 1850 1419 quoque

1642 1434 1753 1459 nostrae

1603 1480 1737 1509 notitiam

1605 1528 1768 1559 circumlita

1603 1588 1782 1618 quaecunque

1603 1626 1683 1656 haud

1602 1676 1632 1705 in
1660 1680 1668 1705 ¹.

1602 1726 1712 1755 omneis

1602 1775 1740 1815 quiddam

1602 1825 1765 1856 necesse'st

1603 1875 1684 1905 Nam

1602 1925 1692 1955 nilum

1603 1974 1752 2004 Praeterea

1601 2023 1753 2064 principiis

1601 2078 1633 2102 at

1601 2123 1727 2162 praedita

1601 2171 1749 2201 Pr-aetcrea

1599 2221 1688 2251 refert

1599 2281 1725 2311 quaeque

1599 2321 1679 2360 quali

1598 2371 1804 2402 contineantur

1601 2420 1745 2450 Perfacile

1600 2471 1748 2512 extemplo

1599 2531 1665 2560 quae

1601 2570 1770 2601 Marmoreo

1598 2621 1713 2661 possint

1596 2682 1661 2701 cum

1597 2720 1734 2750 candenti

1597 2770 1676 2799 deest

1596 2819 1779 2860 permista'st

1596 2871 1675 2901 illius

1600 2919 1756 2961 Principiis
