1967 3314
345 244 439 284 242
662 236 1116 285 VARIANTES
1154 236 1593 286 LECTIONES

737 417 858 438 PAULus
873 417 1010 438 FMDRN-
1033 417 1224 438 THEononus
1240 418 1281 438 DE
1618 398 1658 418 Ex
1668 399 1833 420 TYPOGRA-

801 472 837 492 PE
841 472 936 493 RGER.
1044 471 1251 492 RAGAzomnu
1256 472 1278 492 S·

490 448 692 470 PBRRANDUS.

1381 451 1494 473 Almus.
1591 451 1667 471 PHIA'
1683 452 1847 474 socmTA'n
1855 458 1866 471 e

1631 505 1662 525 131
1666 506 1702 526 ΡΟ
1706 506 1724 525 N
1728 506 1758 526 1³1
1763 505 1826 527 ΝΒ.

531 574 661 604 Bn'xiae.
815 578 944 610 Veronae.
1092 576 1230 607 Veneriis.
1375 574 1515 604 Venetiis.

498 665 572 695 Sine
584 666 683 696 Anno.
836 672 918 700 1486.
1122 673 1203 702 1405.
1403 668 1485 694 1⁵00-

476 766 541 785 cum
759 768 828 796 qum
1043 767 1111 796 qum
1327 768 1392 787 cum
1610 767 1675 785 cum

476 805 567 835 ducat
760 806 850 835 ducat
1044 805 1133 835 ducat
1327 807 1416 836 ducat
1610 805 1691 834 dicat

468 851 556 885 'acies
759 855 834 884 aties
1043 855 1119 885 aties
1329 855 1408 884 acies
1611 854 1691 883 acies

476 899 639 944 prasertim
760 905 914 943 presertim
1043 906 1197 943 presertim
1329 905 1490 943 praesertim
1611 904 1773 942 praesertim

477 963 542 983 cum
759 965 828 994 qum
1043 963 1112 992 qum
1328 963 1393 982 cum
1612 964 1677 983 cum
1884 990 1886 993 .

476 1000 694 1040 praepediuntur
759 1005 969 1045 prepediuntur
1043 1003 1253 1043 prepediuntur
1330 1003 1546 1042 praepediuntur
1612 1003 1830 1042 praepediuntur

424 1063 425 1066 ¹
480 1049 592 1080 Hostia
759 1054 847 1084 Ostia
1043 1052 1131 1082 Ostia
1330 1052 1417 1081 Ostia
1612 1051 1700 1081 Ostia

477 1099 622 1139 exemptis
758 1104 904 1144 exemptis
1043 1102 1189 1142 exemptis
1329 1102 1474 1142 exemptis
1612 1101 1736 1132 exemtis

477 1159 523 1178 reS
758 1163 819 1181 rem
1044 1164 1105 1182 rem
1330 1162 1376 1181 res
1614 1161 1660 1181 res

477 1197 602 1228 sublatis
758 1201 812 1231 sub
826 1201 895 1232 latis
1044 1203 1099 1231 sub
1115 1202 1185 1233 latis
1329 1201 1455 1231 sublatis
1612 1202 1739 1232 sublatis

476 1249 626 1289 Apposita
759 1252 908 1292 Apposita
1045 1252 1195 1292 Apposita
1330 1251 1468 1291 apposita
1612 1252 1761 1292 Adposita

476 1308 542 1327 cum
758 1311 827 1340 qum
1044 1311 1113 1340 qum
1329 1312 1395 1331 cum
1613 1312 1678 1330 cum

476 1351 547 1376 sunt
759 1355 829 1380 sunt
1045 1354 1115 1380 sunt
1329 1352 1391 1382 sint
1613 1356 1683 1381 sunt

476 1395 584 1426 animoe
759 1400 864 1430 animae
1045 1399 1150 1429 animm
1328 1401 1437 1430 animai
1612 1402 1720 1432 animai

476 1451 507 1476 et
759 1456 790 1480 et
1045 1452 1076 1477 et
1329 1456 1361 1481 et
1613 1463 1630 1480 e

475 1495 544 1525 dum
557 1500 643 1526 taxat
759 1500 915 1531 dumtaxat
1045 1499 1203 1529 dumtaxat
1327 1501 1474 1530 duntaxat
1613 1501 1769 1531 dumtaxat

476 1546 646 1586 promittere
760 1550 930 1589 permittere
1046 1549 1215 1587 permittere.
1329 1551 1498 1589 permittere
1614 1552 1784 1590 promittere

476 1595 628 1629 Quantula
759 1599 916 1632 Quancula
1045 1597 1198 1631 Quantula
1330 1599 1482 1633 Quantula
1613 1599 1766 1634 Quantula

475 1643 622 1673 interdum
760 1647 909 1678 incerdum
1045 1645 1192 1676 interdum
1330 1647 1475 1677 interdum
1614 1649 1760 1679 interdum

474 1692 513 1722 ad
526 1693 630 1722 hesum
759 1696 902 1727 adhesum
1045 1696 1188 1726 adhesum
1329 1698 1480 1727 adhaesum
1613 1699 1766 1729 adhaesnm

475 1742 572 1772 sidere
759 1745 855 1775 sidere
1045 1745 1142 1775 sidere
1329 1745 1426 1775 sidere
1613 1748 1740 1780 insidere

475 1802 570 1831 neque
760 1806 855 1835 neque
1045 1807 1140 1835 neque
1330 1806 1424 1835 neque
1614 1808 1666 1827 nec

475 1842 558 1872 arani
759 1846 841 1876 arani
1045 1845 1129 1874 arani
1331 1846 1442 1874 Aranei
1615 1849 1727 1878 Aranei

476 1901 564 1931 super
578 1902 615 1920 ea
758 1906 848 1935 super
859 1907 897 1926 ea
1044 1905 1134 1934 super
1150 1905 1186 1924 ea
1329 1906 1437 1935 supera
1614 1908 1704 1938 supra

475 1942 584 1971 victam
759 1946 867 1975 victam
1045 1945 1154 1974 victam
1330 1945 1439 1976 vietam
1614 1948 1722 1978 vietam

477 1990 654 2030 Papposque
762 1993 939 2035 papposque
1045 2003 1196 2033 paposque
1331 1995 1507 2036 Papposque
1616 1998 1793 2038 Papposque

477 2039 604 2070 volantis
760 2043 888 2074 volantis
1045 2041 1172 2072 volantis
1329 2045 1474 2075 volanteis
1615 2048 1759 2078 volanteis

476 2089 647 2130 plerumque
761 2093 922 2133 plerunque
1045 2091 1207 2131 plerunque
1330 2094 1493 2135 plerunque
1615 2096 1784 2137 plerumque

476 2143 598 2179 repente
630 2138 720 2168 situm
760 2147 881 2183 repente
914 2143 1004 2174 situm
1044 2144 1166 2179 repente
1199 2140 1288 2170 Situm
1329 2146 1460 2184 repentis
1500 2145 1571 2174 itum
1614 2146 1745 2186 repentis
1785 2147 1857 2176 itum

506 2187 637 2228 cujusvis
650 2198 720 2217 cun·
779 2202 844 2221 eum
859 2193 920 2223 suis
933 2203 1003 2223 cun·
1075 2199 1141 2218 cum
1153 2189 1215 2219 suis
1225 2200 1293 2219 cun·
1358 2194 1489 2234 cujusvis
1502 2205 1573 2225 cun·
1643 2197 1773 2237 cujusvis
1786 2208 1856 2226 cun-

506 2247 563 2276 que
780 2252 838 2281 que
1073 2249 1130 2278 que
1360 2255 1418 2283 que
1643 2257 1700 2285 que

475 2287 571 2328 prima
761 2291 845 2331 priva
1044 2289 1129 2328 priva
1330 2293 1424 2333 prima
1615 2296 1699 2336 priva

477 2348 600 2378 quaeque
761 2351 876 2380 queque
1045 2349 1161 2379 queque
1330 2354 1453 2383 qumque
1615 2355 1739 2385 qumque

476 2398 543 2428 quae
760 2401 817 2430 que
1045 2399 1102 2428 que
1330 2403 1399 2431 qua:
1617 2405 1683 2434 quae

476 2443 578 2468 cetera
759 2444 871 2470 caetera
1045 2445 1145 2470 cetera
1330 2447 1437 2472 caetera
1616 2451 1716 2476 cetera

476 2487 580 2518 ciendo
759 2490 863 2520 ciendo
1045 2490 1148 2521 ciendo
1329 2491 1463 2522 ciendum
1615 2495 1748 2525 ciendum

476 2537 615 2568 immixta
759 2539 790 2569 in
807 2540 900 2571 mixta
1044 2540 1074 2569 in
1087 2540 1183 2571 mixta
1332 2541 1462 2573 immista
1615 2545 1746 2575 immista

476 2587 642 2618 sentiscant
759 2589 928 2620 sentificant
1044 2590 1214 2621 sentificant
1330 2591 1498 2624 sentificent
1616 2595 1779 2625 sentiscant

477 2636 596 2667 Semina
603 2636 731 2677 corpori·
760 2639 879 2670 Semina
887 2641 1014 2680 corpori·
1045 2638 1163 2669 Semina
1172 2641 1300 2680 corpori-

494 2687 549 2717 bus
560 2686 670 2717 nostris
681 2687 731 2716 im·
778 2690 833 2719 bus
853 2689 963 2720 nostris
984 2690 1012 2719 in
1062 2689 1117 2718 bus
1139 2690 1248 2720 nostris
1270 2691 1298 2720 in

496 2737 591 2767 mixta
613 2747 665 2777 per
684 2748 730 2767 ar·
779 2739 874 2770 mixta
892 2749 945 2779 per
966 2750 1013 2769 ar·
1063 2739 1157 2769 mixta
1176 2750 1229 2780 per
1253 2751 1299 2770 ar-

495 2790 544 2815 tus
778 2793 828 2819 tus
1061 2793 1111 2818 tus

475 2835 594 2874 quantis
759 2839 878 2878 quantis
1044 2838 1163 2876 quantis
1328 2852 1414 2881 quam
1615 2853 1701 2882 quam

475 2883 554 2914 deest
759 2887 840 2918 deest
1038 2887 1122 2954 geas-t
1330 2890 1420 2922 tantis
1614 2894 1708 2924 tantis
