1967 3314
304 209 926 261 ANNOTATIONES
972 208 1358 258 BENTLEII.
1493 215 1587 256 435

254 352 321 382 407
347 346 437 381 Cum
455 352 585 391 coeptat
602 350 747 381 natura:
772 355 945 390 supraque
962 342 1133 379 extollere
1147 341 1314 378 monteisz

132 419 208 451 Non
222 420 330 470 minus
343 426 471 451 venuste
485 421 588 462 legere
603 421 710 460 possis,
727 420 866 458 Matuta,
880 418 953 450 vide
967 418 1021 451 lib.
1037 419 1078 450 V.
1093 429 1121 450 v.
1137 420 1209 450 655.
1242 415 1306 449 Sed
1327 414 1407 447 nihil
1420 419 1522 447 muto:
1536 413 1588 445 lib.

91 474 154 507 VI.
169 486 196 506 v.
211 478 284 507 470.

256 590 320 618 421
348 583 508 630 Corpora
524 585 672 620 mirando
687 584 746 620 sub
761 589 871 620 terras
888 582 1006 619 abdita
1020 582 1110 617 coelo.

134 658 238 699 Lego;

307 737 446 776 Corpora
462 736 675 779 (mirandum)
691 737 750 767 sub
765 741 860 767 terras
882 736 987 767 abdita
1001 741 1092 767 retro.

135 816 155 846 i.
170 826 196 846 e.
212 815 349 856 vestigiis
364 826 490 847 sursum
504 815 622 847 locatis.
667 814 751 846 Vide
767 815 862 846 modo
877 815 931 846 lib.
950 815 978 845 Ι.
993 824 1021 845 v.
1040 816 1134 852 1057,
1151 814 1242 845 1058.
1257 821 1332 844 mox
1346 822 1372 844 v.
1390 815 1461 844 611.

258 936 326 965 472
351 929 410 964 An
427 929 507 964 sciri
522 929 647 976 possit,
661 942 724 975 quo
741 941 779 965 se
795 928 845 964 nil
861 928 949 964 scire
965 927 1105 964 fatetur.

139 998 179 1034 Q.
195 998 293 1029 MSS.
308 999 459 1039 quoniam
474 998 536 1036 nil;
558 997 683 1037 optime.
727 998 909 1029 Terentius:

501 1074 618 1105 fatetur
632 1074 826 1105 transmHsse
837 1080 894 1105 etc.

263 1183 330 1211 493
357 1177 466 1222 Quod
481 1176 600 1219 molle,
620 1183 681 1211 aut
697 1177 823 1211 durum
841 1182 909 1211 est:
936 1175 1101 1222 gelidum,
1116 1173 1311 1211 fervensve:
1335 1184 1491 1210 seorsum

138 1245 256 1276 Versus
270 1245 290 1275 a
303 1245 460 1276 Lambino
474 1246 689 1285 interpolatus,
704 1245 913 1276 inducendus.

258 1349 328 1378 494
353 1344 399 1377 Id
412 1343 530 1385 molle,
547 1350 608 1377 aut
624 1343 762 1377 durum:
789 1342 954 1388 gelidum,
969 1341 1151 1377 fervensve
1166 1342 1286 1376 videri.-

137 1387 266 1442 Tactusx
300 1411 401 1452 Lego,
419 1410 505 1446 Quid
520 1410 625 1441 molle.
670 1411 735 1440 Pro
750 1409 860 1448 videri,
872 1410 956 1450 lego,
971 1419 1120 1439 seorsum.

259 1520 327 1548 496
353 1513 406 1546 Et
423 1523 641 1558 quaecunque
659 1511 828 1547 coloribu'
848 1518 930 1547 sunt
946 1513 1148 1557 conjuncta,
1163 1509 1353 1545 necesse'et

141 1578 245 1612 Visus,

261 1689 328 1718 497
356 1683 502 1718 Seorsus
517 1682 602 1717 item
618 1695 720 1729 sapor
737 1681 808 1718 oris
822 1683 929 1718 habet
943 1682 1026 1726 vim,
1043 1693 1182 1718 seorsus
1198 1682 1326 1717 odores

143 1758 276 1795 Gustus,
291 1756 439 1787 odoratus
455 1756 589 1788 auditus.

260 1866 324 1894 531
353 1860 580 1893 Proeteraddz't
596 1858 687 1894 enim
705 1870 775 1894 vox
791 1858 922 1893 fauceis
940 1869 1048 1905 saepe:
1076 1859 1229 1906 facitque

139 1940 297 1970 Praeterea
311 1939 391 1970 radit
404 1950 465 1970 vox
482 1939 599 1971 fauceis
613 1939 697 1980 apud
712 1939 854 1971 Gellium
869 1945 900 1970 et
912 1939 1056 1970 Nonium
1061 1951 1071 1978 3
1087 1938 1179 1971 recte.
1204 1940 1242 1975 Q.
1261 1939 1371 1970 venet„
1387 1939 1506 1971 Praeter
1517 1938 1596 1971 radit

97 2004 157 2026 vox
171 1995 298 2026 fauceis.

264 2103 332 2132 535
358 2096 500 2132 Scilicet
517 2097 666 2143 expletis
682 2109 822 2144 quoque
837 2098 947 2143 janua
963 2097 1097 2132 raditur
1113 2096 1199 2138 oris;

354 2160 477 2194 Rauca
494 2160 577 2203 suis,
593 2167 628 2195 et
644 2161 711 2195 iter
726 2161 835 2203 laedit,
851 2172 920 2206 qua
934 2172 1005 2195 vox
1021 2160 1049 2194 it
1064 2160 1101 2194 in
1119 2171 1232 2195 auras.

144 2235 263 2266 Versus
277 2234 388 2273 spurii:
410 2235 496 2273 prior
511 2235 544 2264 in
559 2235 705 2266 omnibus
722 2235 820 2266 MSS.
843 2234 994 2273 posterior
1006 2234 1040 2263 in
1056 2233 1160 2263 nullis.

263 2338 329 2366 548
354 2331 430 2366 Aut
446 2332 593 2366 reboant
609 2343 754 2366 raucum
771 2334 928 2366 retrocita
945 2341 1078 2365 cornua
1093 2330 1274 2364 bombum:

141 2401 178 2432 L.
195 2400 411 2441 Berecynthia.

264 2509 330 2538 557
355 2502 475 2548 Atque
490 2502 550 2536 ubi
566 2514 638 2536 non
654 2502 796 2548 longum
815 2502 1022 2547 spatium'st‚
1034 2501 1128 2536 unde
1145 2501 1201 2536 illa
1217 2500 1374 2547 profecta

141 2578 240 2619 Lego,
257 2587 333 2615 una,
347 2587 525 2617 unquaeque
539 2586 600 2606 vox
614 2576 781 2615 perveniat.
797 2577 835 2607 Β.

266 2685 332 2715 582
357 2679 473 2714 Unam
491 2690 570 2713 cum
580 2680 733 2725 jaceres:
760 2678 811 2713 ita
827 2677 935 2713 colles
952 2677 1098 2714 collibus
1114 2679 1195 2723 ipsis

140 2749 229 2791 Lego
244 2755 300 2781 aut
314 2751 386 2789 ipsi,
414 2753 469 2778 aut
482 2750 558 2788 ipsa.
581 2758 609 2778 v.
626 2751 697 2779 558.
714 2748 752 2779 B.
797 2747 883 2786 Imo,
899 2749 1023 2779 collibus
1038 2749 1099 2778 icta
1115 2748 1213 2778 verba.
1258 2745 1347 2777 Pedo
1364 2745 1601 2783 Albinovanu53

311 2825 359 2856 Te
374 2824 510 2855 clamore
524 2829 637 2855 vocant
647 2824 824 2865 iterumque
838 2824 1014 2865 iterumque
1029 2833 1175 2864 supremo

360 2878 406 2910 At
420 2889 492 2918 vox,
508 2879 643 2911 adversis
658 2879 790 2910 collibus
804 2879 873 2916 icta,
889 2879 976 2909 redit.
