1967 3314
356 192 450 236 408
782 185 1408 238 ANNOTATIONES

567 319 610 356 V.
639 327 653 355 1
681 320 885 356 AEneadum
900 321 1071 367 genetrix,
1087 320 1267 356 hominum
1285 320 1472 370 divumque
1491 316 1664 366 voluptas,

402 389 538 421 Ennius2

569 465 617 496 Te
632 474 717 495 nunc
732 468 850 502 sancta,
863 472 979 503 precor,
1002 464 1126 503 Venus,
1142 470 1173 495 et
1191 464 1341 495 Genetrix
1356 466 1452 505 patris
1466 466 1572 502 nostri,

574 520 620 551 Ut
634 530 685 550 me
700 519 739 549 de
753 517 831 549 coelo
847 518 927 548 visas
941 524 1074 559 cognata
1088 529 1267 559 parumper.

400 597 451 629 Ita
466 596 608 627 Annales
621 605 694 626 suos
708 594 895 634 auspicatus,
911 601 947 625 ut
962 601 1064 625 noster
1079 596 1138 626 hoc
1153 606 1240 636 opus.

568 701 587 728 3
607 695 697 738 Quae
714 704 808 727 mare
827 693 1038 739 navigerum,
1053 705 1131 740 quae
1148 700 1258 729 terras
1273 692 1528 739 frugiferenteis

362 792 474 832 Eun-ip.
493 791 624 831 Hippol.
640 795 712 821 447.

573 858 668 882 <Dm-oc
684 850 706 881 δ’
722 851 763 880 ἀν’
779 851 871 893 oet’dsq'·
889 851 948 881 ἔστι
963 848 986 879 δ’
1003 852 1027 881 ἒν
1042 853 1189 890 θαλασσιῳ

574 909 698 941 Κλυῖωνι
715 915 833 952 Κυπρις·
849 922 950 941 ταντα
965 909 986 939 δ’
1005 912 1036 940 ἐκ
1056 923 1166 944 σαυτῆς
1181 911 1239 949 ἔφυ.

399 1005 515 1036 Noster
528 1005 660 1035 verbum
675 1004 714 1035 de
730 1004 822 1034 verbo
837 1003 994 1043 expressit.
1039 1003 1102 1034 Pro
1125 1005 1184 1035 ἔστι
1206 1003 1276 1045 lege
1298 1004 1358 1040 εἶσι,
1383 1005 1496 1036 incedit
1514 1014 1542 1034 v.
1558 1006 1630 1035 447.
1677 1003 1727 1035 Sic
1743 1003 1860 1036 ibidem

362 1062 453 1091 1270.

573 1141 714 1166 Ποταται
728 1134 751 1166 δ’
767 1136 812 1165 ἔτι
828 1147 926 1175 γαιαν,
939 1135 1083 1175 εὒαιχητον
1099 1136 1126 1166 θ’

568 1191 711 1232 Ἀλμυρον
735 1191 780 1220 ἐστι
797 1201 906 1220 πονε-ον.

574 1250 686 1284 Θελγει
709 1243 730 1274 δ’
748 1246 810 1286 ἔρως

715 1307 794 1338 (pua-tv

572 1353 725 1394 Ὀρεσκοων
742 1360 908 1388 ammomum,

574 1413 732 1447 Πελαγιων
747 1408 791 1444 θ’,
809 1408 860 1437 ὅσα
877 1420 907 1438 τε
925 1421 969 1447 ’γα
985 1415 1091 1450 vespm,

572 1466 628 1491 Ταν
644 1462 723 1495 ἅλιος
740 1462 878 1501 umquem,-
894 1460 1034 1504 δεξκεται,

569 1514 683 1557 Ἀνδρας
699 1527 785 1546 τε·-

402 1599 486 1632 Vide
499 1599 607 1632 Ovidii
623 1602 705 1632 Fast.
721 1601 773 1631 lib.
789 1605 819 1632 4.

546 1702 588 1730 14
612 1695 699 1731 Inde
706 1697 800 1743 feroe
815 1695 969 1742 pecudes
986 1695 1182 1742 persultant
1201 1696 1328 1742 pabula
1344 1696 1437 1740 laeta,

401 1767 446 1798 Et
459 1766 511 1798 lib.
536 1767 563 1798 I.
578 1778 605 1799 v.
623 1770 692 1799 195.

547 1878 588 1906 16
614 1870 860 1917 Illecebrisque
876 1870 946 1906 tuis
963 1870 1076 1906 omnis
1092 1877 1216 1906 natura
1233 1871 1448 1908 animantum

400 1943 518 1974 Versus
533 1943 675 1975 Marulli:
692 1944 769 1974 dele.

543 2042 588 2070 30
613 2035 723 2080 Effice
739 2042 777 2070 ut
795 2035 930 2070 interea
945 2033 1019 2071 fera
1035 2047 1188 2072 moenera
1203 2036 1352 2080 militia'i,

397 2109 442 2140 Et
455 2108 531 2139 sace.

545 2207 587 2236 35
613 2202 749 2247 Rejicit,
766 2207 899 2236 aeterno
918 2200 1102 2237 devinctus
1118 2202 1261 2237 volnere
1277 2203 1420 2238 amoris:

399 2271 438 2307 Q.
455 2281 482 2302 c.
508 2270 642 2302 Refficit„

541 2371 584 2399 86
609 2363 729 2410 Atque
744 2363 794 2398 ita
809 2364 989 2409 suspiciens
1006 2364 1109 2400 tereti
1126 2364 1260 2401 cervice
1276 2372 1416 2411 reposta

398 2433 438 2469 Q.
463 2433 536 2463 MS.
562 2433 736 2473 Suspirans.

399 2487 489 2528 Virg.
507 2487 582 2518 AEn.
598 2487 702 2518 VIII.
719 2498 745 2517 ν.
777 2491 850 2518 655.

678 2562 765 2592 illam
780 2563 869 2593 tereti
884 2562 1002 2593 cervice
1017 2563 1173 2595 reflexam.

544 2671 587 2701 87
613 2664 729 2700 Pascit
746 2676 865 2699 amore
882 2664 1002 2700 avidos
1019 2665 1157 2701 inhians
1174 2666 1209 2700 in
1228 2674 1274 2709 te,
1291 2667 1382 2711 Dea,
1398 2667 1501 2703 visus:

403 2731 475 2764 Ter.

568 2825 652 2833 —
667 2811 801 2841 restabat
815 2809 861 2841 nil
875 2808 962 2840 aliud
977 2810 1036 2841 nisi
1052 2810 1167 2842 oculos.
