1967 3314
475 279 809 329 RICARDI
855 278 1236 328 BENTLEII.
1503 288 1599 328 413

279 416 345 447 385
369 411 551 446 Postremo
566 412 638 447 duo
657 413 701 448 de
716 425 876 448 concursu
891 422 1039 458 corpora
1054 412 1126 447 lata

158 492 185 523 Ι.
201 502 227 523 e.
252 492 420 523 Concurso.
464 492 507 521 Et
519 491 563 521 ita
577 491 650 522 edit.
666 493 783 523 Veron.
798 492 889 524 recte.

273 596 338 622 388
365 590 398 622 Is
414 599 530 634 porro,
546 589 701 636 quamvis
718 590 847 624 circum
864 589 1078 623 celerantibus
1094 587 1187 623 auris

147 657 187 695 Q.
202 667 228 688 c.
249 656 461 688 densantibus.

270 761 338 789 390
364 754 527 798 compleri
543 755 703 800 spatium,
717 766 797 789 nam
811 754 959 799 primum
975 764 1148 800 quemque
1163 753 1351 790 necesse’st

155 834 202 865 Sc.
217 834 382 873 complere.
401 834 440 864 B.

271 938 337 965 402
362 930 588 976 Argumenta,
603 931 707 965 fidem
724 929 826 965 dictis
843 931 1025 965 conradere
1040 931 1183 966 nostris.

153 1011 193 1041 V.
209 1021 234 1042 c.
251 1011 442 1042 contradere.

270 1114 335 1142 411
365 1108 471 1153 Quod
487 1108 515 1143 si
530 1108 685 1154 pigraris,
700 1107 894 1154 paullumve
909 1108 1099 1142 abscesseris
1115 1108 1158 1143 ab
1175 1119 1224 1152 re,

153 1177 193 1208 V.
209 1187 233 1208 c.

321 1259 416 1296 Quod
431 1260 490 1290 nisi
505 1260 647 1301 pigraris,
661 1259 865 1300 paullumque
878 1258 1040 1290 recesseris
1054 1260 1093 1288 ab
1108 1269 1151 1295 re,

268 1363 335 1391 413
360 1357 480 1403 Usque
496 1357 585 1391 adeo
600 1357 714 1402 largos
730 1358 865 1391 haustus
883 1357 926 1391 de
942 1356 1095 1391 fontibus
1112 1355 1243 1400 magnis

153 1441 182 1468 4.
199 1437 295 1468 MSS.
310 1438 437 1467 haustos
452 1440 469 1466 e
484 1436 622 1466 fontibus
637 1446 755 1472 amnes,
778 1437 884 1477 Lego;
909 1436 1003 1477 largis
1017 1437 1143 1467 haustos
1158 1446 1175 1466 e
1189 1435 1328 1466 fontibus
1343 1444 1459 1466 amnes.
1476 1435 1599 1467 Auson.

110 1493 219 1535 profes.
234 1496 286 1523 21.

363 1568 406 1598 Et
420 1567 565 1597 torrentis
580 1577 638 1597 ceu
654 1566 796 1597 Dulichii

408 1625 571 1666 Ninquida
585 1625 676 1656 dicta.

152 1705 330 1743 Homerus3

319 1782 406 1813 Ἀλλ’
422 1782 468 1812 ὅτε
482 1781 515 1815 δη
538 1784 561 1825 ξ’
576 1783 636 1813 ὅπα.
652 1795 683 1814 τε
696 1790 834 1822 ‘asymam
851 1783 881 1813 ἐκ
898 1785 984 1817 §nosos
1001 1782 1035 1813 ἵει

324 1846 379 1871 Koa
395 1842 465 1872 ἔπεσι
483 1839 635 1880 νιφωδεσσιν
647 1843 758 1872 {ornava
771 1852 954 1884 χειμερινισιν·

150 1929 265 1964 Horat„
282 1929 345 1960 Sat.
362 1931 390 1960 7.
410 1933 436 1960 1.

676 2008 786 2038 ruebat

318 2066 455 2097 Flumen
471 2074 507 2097 ut
520 2067 698 2103 hibernum,
714 2065 813 2097 fertur
827 2076 890 2107 quo
905 2076 973 2097 rara
983 2065 1107 2098 securis.

153 2156 307 2188 Clemens.
325 2156 417 2187 Alex.
442 2156 556 2186 Strom.
580 2157 609 2187 I.
624 2169 763 2196 ποταμος
778 2158 920 2198 oie-exstruit,
940 2158 1088 2198 finffimrmv,
1111 2168 1142 2187 νε
1155 2154 1182 2187 δε
1199 2163 1370 2198 ςαλαγμος.
1417 2155 1550 2189 Dictum
1564 2157 1597 2188 in

107 2212 268 2252 sophistas.

274 2322 342 2350 423
365 2315 503 2362 Corpus
519 2316 611 2351 enim
627 2327 690 2363 per
705 2327 743 2352 se
759 2315 1114 2361 communis-deliquat
1131 2327 1208 2352 esse

156 2395 196 2427 V.
212 2406 237 2426 c.
253 2394 383 2426 dedicat.

275 2503 342 2531 433
369 2498 465 2535 Quod
479 2496 577 2542 quasi
591 2496 695 2532 tertia
710 2495 755 2531 sit
772 2503 882 2531 rerum
898 2502 1023 2532 natura
1036 2502 1186 2542 reperta.

153 2578 194 2610 V.
210 2589 236 2609 c.
251 2587 396 2616 numero,
408 2576 488 2608 bene
503 2583 542 2614 et,
560 2577 642 2614 Quo.

275 2686 341 2715 437
370 2679 706 2725 Corporumaugebit
721 2690 915 2722 numerum,
931 2690 1168 2725 summamque
1185 2685 1362 2725 sequetur3

157 2750 361 2790 Corporeum.

277 2862 345 2890 460
369 2855 522 2901 Tempus
537 2855 621 2889 item
637 2864 699 2900 per
715 2865 752 2889 se
768 2866 840 2888 non
858 2860 924 2897 est,
938 2854 1000 2889 sed
1016 2854 1118 2889 rebus
1136 2855 1178 2889 ab
1193 2854 1277 2901 ipsis

160 2934 248 2966 Hinc
260 2936 349 2977 Virg.
368 2936 444 2967 AEn.
459 2935 541 2967 VII.
557 2937 720 2975 37.—quae
736 2940 875 2975 tempora
891 2944 1005 2979 rerum.
1044 2933 1176 2965 Servius
