1967 3314
330 258 428 300 172

367 638 409 668 V.

361 780 418 806 322

362 929 419 954 323

362 976 420 1003 326

361 1076 418 1104 327

361 1225 419 1251 ,328

361 1324 419 1353 329

361 1374 420 1400 330

361 1424 416 1449 331

361 1473 418 1499 332

360 1523 418 1548 333

361 1572 417 1597 335

362 1622 417 1631 nn·-

360 1630 414 1650 aot

301 1689 304 1692 .
359 1671 417 1700 339

359 1721 414 1746 341

358 1820 416 1846 343

359 1870 417 1895 348

358 1919 416 1944 350

358 1968 413 1993 351

357 2067 415 2093 353

297 2109 300 2113 ’
357 2117 414 2142 354,

358 2166 415 2195 357

598 245 1050 296 VARIANTES
1091 245 1525 295 LECTIONES

722 428 842 450 hun-us
859 427 994 449 rmum(-

476 460 674 482 FERRANDUS.

794 482 929 503 PERGER.

515 583 639 614 Brixt'ae.
803 589 932 620 Vemnae.

490 676 563 706 Sine
575 677 674 707 Anno.
826 680 906 708 1486.

465 766 565 797 invida
749 771 865 801 Invidia

465 816 617 857 praeclusit
749 820 881 861 predusit

466 867 590 908 spetiem
750 869 874 909 spetiem

466 925 637 955 quecunque
749 929 932 959 quaecunqne

467 975 650 1004 quaecunque
751 978 921 1008 quecunque

467 1015 629 1055 maciaeque
750 1019 900 1058 macieque

467 1073 536 1103 quae
751 1080 808 1108 que

467 1113 637 1153 impendunt
751 1119 919 1159 impendent

467 1173 556 1193 vosco
750 1178 838 1198 vesco

467 1225 525 1254 quo
537 1223 606 1254 quae
750 1228 864 1257 queque

466 1263 562 1304 possis
750 1274 852 1309 posset

467 1324 556 1344 caecis
750 1328 838 1348 caecis

467 1373 607 1402 corporea
749 1378 888 1407 corporea

467 1422 582 1451 nanque
749 1428 865 1456 nanque

466 1475 611 1504 cognosce
748 1476 892 1507 cogncsse

465 1515 544 1545 sinet
747 1518 811 1548 sine

466 1565 595 1596 intactus
749 1569 898 1599 intactuus

466 1625 581 1653 nanque
748 1628 863 1657 nanque

465 1664 622 1703 quicquam
747 1668 904 1707 quicquam

464 1714 503 1743 ad
747 1728 783 1747 ac

464 1763 531 1793 caeli
746 1766 814 1796 caeli

464 1823 530 1852 quae
747 1827 805 1855 que

465 1864 546 1894 Nino
749 1866 831 1896 Hinc

463 1914 535 1943 flent
747 1916 839 1945 fluent

465 1965 608 2005 Dissipat.
748 1965 886 2005 Dissipat

463 2024 495 2043 se
509 2024 542 2044 se
746 2024 778 2043 se
791 2024 825 2044 se

462 2074 481 2093 a
745 2073 764 2092 a

461 2114 556 2143 omnis
745 2111 840 2141 omnis

463 2163 543 2193 deest
745 2161 826 2191 deoet

462 2223 522 2252 qua
745 2209 825 2240 deest

463 2273 591 2302 quaeque
747 2271 862 2301 queque

462 2312 593 2342 videmus
747 2311 886 2342 violemus

462 2361 634 2392 tantundem
647 2367 694 2392 est
746 2363 951 2394 tantundemst

463 2411 529 2440 lane
747 2412 824 2442 lanae

463 2459 622 2500 Corporum
747 2463 906 2503 Corporum

465 2509 583 2550 plumbo
595 2515 643 2540 est
747 2512 864 2553 plumbo
876 2519 922 2543 est

463 2561 634 2591 tantundem
746 2563 917 2593 tantundem

464 2611 589 2651 pendere
746 2613 874 2653 pondere

464 2661 624 2700 Corporum
748 2664 907 2703 Corporum

463 2710 587 2741 officium
601 2716 648 2742 est
746 2714 870 2744 officium
885 2718 931 2744 est

464 2770 594 2798 premere
746 2773 887 2803 praemere

464 2818 601 2848 magnum
615 2816 661 2840 est
749 2824 885 2853 mag-num
898 2819 945 2843 est

464 2858 527 2886 Aut
746 2865 811 2892 Aut

463 2917 613 2946 corporum
746 2922 898 2952 corporum

1028 427 1114 448 ΤΗΕΟ
1119 427 1160 448 Do
1166 427 1226 448 Rus
1241 428 1281 447 DE

1028 480 1263 503 BAGAzoxusus.

1080 585 1216 617 Veneriis.

1108 681 1121 705 1
1126 680 1188 709 495.

1032 770 1130 800 invida
1315 771 1414 800 invida

1032 819 1169 859 preduxit
1317 821 1468 861 praeclusit

1033 869 1157 908 spetiem
1315 870 1441 910 speeiem

1033 927 1216 957 quaecunqne
1300 913 1305 915 ”
1316 928 1498 958 quaecunque

1033 976 1217 1006 quaecunque
1317 978 1499 1008 quaecunque

1033 1017 1184 1056 macieque
1317 1018 1466 1057 macieque

1034 1077 1092 1106 que
1317 1078 1385 1107 quae

1034 1116 1203 1157 impendent
1318 1117 1486 1158 impendent

1034 1177 1122 1196 vesco
1317 1178 1406 1198 vesco

1033 1227 1146 1255 queque
1317 1229 1443 1258 quaeque

1034 1271 1136 1306 posset
1317 1274 1419 1309 posset

1035 1316 1114 1346 cecis
1317 1320 1406 1349 caecis

1033 1375 1155 1405 corpora
1317 1378 1457 1407 corporea

1033 1426 1149 1455 nanque
1319 1429 1434 1458 nanque

1034 1476 1177 1505 cognosse
1316 1479 1459 1509 cognosse

1033 1515 1097 1545 sine
1317 1519 1395 1549 sinet

1035 1566 1184 1595 intactuus
1318 1571 1447 1601 intactus

1034 1626 1148 1655 nanque
1317 1630 1432 1658 nanque

1034 1665 1190 1705 quicquam
1317 1669 1471 1709 quicquam

1317 1730 1352 1749 ac

1317 1770 1384 1800 caeli

1317 1831 1385 1859 quae

1319 1870 1399 1900 Hinc

1316 1921 1387 1950 flent

1034 1967 1172 2006 Dissipat
1316 1971 1443 2011 dissipat

1031 2026 1064 2046 se
1078 2027 1111 2046 se
1316 2031 1382 2051 sese

1315 2081 1334 2100 a

1315 2121 1426 2151 omneis

1315 2171 1375 2200 sint

1315 2231 1375 2260 qua

1031 2277 1147 2306 queque
1315 2280 1443 2310 quaeque

1031 2316 1172 2346 violemus
1316 2318 1447 2349 videmus

1030 2367 1232 2399 tantundemst
1315 2369 1487 2399 tantundest

1031 2417 1109 2447 lanae
1315 2418 1392 2448 lanae

1031 2467 1190 2506 Corporum
1314 2468 1451 2509 Corporis

1032 2517 1150 2556 plumbo
1163 2523 1210 2547 est
1314 2519 1461 2559 plumbost

1030 2568 1212 2598 tantumdem
1314 2569 1493 2599 tantumdem

1031 2616 1159 2655 pondere
1314 2619 1441 2658 pendere

1031 2666 1191 2706 Corporum
1315 2678 1467 2708 corporum

1030 2714 1155 2745 officium
1168 2720 1216 2746 est
1316 2717 1442 2747 officiust

1030 2776 1171 2806 praemere
1316 2776 1445 2806 premere

1029 2826 1168 2856 magnum
1181 2819 1228 2845 est
1315 2820 1453 2855 magnust

1031 2867 1094 2895 Aut
1314 2870 1346 2894 at

1030 2925 1181 2954 Corporum
1314 2925 1414 2955 (ΣΟΙῬΟΪ
1418 2925 1464 2944 um

1604 404 1644 423 Ex
1655 405 1817 425 TYI’OGRA·
1839 425 1845 432 ‚

1578 459 1653 479 PfflA
1669 459 1832 479 socuz‘rA'rl

1618 514 1808 534 Blrox'rlNAE.

1595 767 1695 796 invida

1599 816 1751 855 praeclusit

1599 864 1726 904 speciem

1599 924 1784 954 quaecunque

1600 974 1782 1006 quaecunque

1601 1015 1750 1055 macieque

1601 1075 1668 1105 quae

1600 1115 1770 1156 impendent

1601 1176 1689 1195 vesco

1600 1225 1716 1255 quoque

1601 1264 1696 1305 possis

1601 1314 1689 1344 caecis

1600 1374 1739 1404 corporea

1600 1424 1724 1454 namque

1600 1474 1743 1504 cognosse

1600 1514 1677 1544 sinet

1601 1563 1733 1593 intactus

1602 1622 1728 1652 namque

1602 1662 1760 1702 quidquam

1599 2271 1726 2301 quaeque

1600 2311 1731 2342 videmus

1600 2361 1813 2395 tantundem'st

1600 2412 1678 2442 lanae

1599 2463 1735 2504 Corporis

1598 2513 1758 2554 plumbo'st

1598 2563 1769 2594 tantundem

1598 2613 1723 2654 pendere

1599 2661 1736 2703 Corporis

1599 2711 1722 2742 officium
1735 2716 1782 2741 est
1793 2705 1796 2707 ⁵

1598 2772 1728 2802 premere

1597 2811 1776 2853 magnum'st

1597 2867 1628 2892 at

1597 2913 1726 2953 corporis
