<?xml version="1.0" encoding="UTF-8"?>
<!DOCTYPE html PUBLIC "-//W3C//DTD XHTML 1.0 Transitional//EN"
    "http://www.w3.org/TR/xhtml1/DTD/xhtml1-transitional.dtd">
<html xmlns="http://www.w3.org/1999/xhtml" xml:lang="en" lang="en">
 <head>
  <title>
</title>
<meta http-equiv="Content-Type" content="text/html;charset=utf-8" />
  <meta name='ocr-system' content='tesseract 3.04.00' />
  <meta name='ocr-capabilities' content='ocr_page ocr_carea ocr_par ocr_line ocrx_word'/>
</head>
<body>
  <div class='ocr_page' id='page_1' title='image "./tlucretiicarider04lucruoft_0499.png"; bbox 0 0 1967 3314; ppageno 0'>
   <div class='ocr_carea' id='block_1_1' title="bbox 592 515 1193 570">
    <p class='ocr_par' dir='ltr' id='par_1_1' title="bbox 592 515 1193 570">
     <span class='ocr_line' id='line_1_1' title="bbox 592 515 1193 570; baseline -0.023 1"><span class='ocrx_word' id='word_1_1' title='bbox 592 515 1193 570; x_wconf 89' lang='lat' dir='ltr'><strong>ANIMADVERSIONES</strong></span> 
     </span>
    </p>
   </div>
   <div class='ocr_carea' id='block_1_2' title="bbox 424 707 1368 781">
    <p class='ocr_par' dir='ltr' id='par_1_2' title="bbox 424 707 1368 781">
     <span class='ocr_line' id='line_1_2' title="bbox 424 707 1368 781; baseline -0.023 1"><span class='ocrx_word' id='word_1_2' title='bbox 424 720 831 781; x_wconf 84' lang='lat' dir='ltr'><strong>RICARDI</strong></span> <span class='ocrx_word' id='word_1_3' title='bbox 890 707 1368 774; x_wconf 82' lang='lat' dir='ltr'>BENTLEII,</span> 
     </span>
    </p>
   </div>
   <div class='ocr_carea' id='block_1_3' title="bbox 317 924 1491 1207">
    <p class='ocr_par' dir='ltr' id='par_1_3' title="bbox 317 924 1491 1207">
     <span class='ocr_line' id='line_1_3' title="bbox 317 924 1491 1000; baseline -0.022 0"><span class='ocrx_word' id='word_1_4' title='bbox 317 951 394 1000; x_wconf 89' lang='lat' dir='ltr'>IN</span> <span class='ocrx_word' id='word_1_5' title='bbox 428 936 995 997; x_wconf 90' lang='lat' dir='ltr'>EMENDATIONES</span> <span class='ocrx_word' id='word_1_6' title='bbox 1031 933 1123 983; x_wconf 88' lang='lat' dir='ltr'>ET</span> <span class='ocrx_word' id='word_1_7' title='bbox 1157 924 1491 981; x_wconf 91' lang='lat' dir='ltr'><strong>NOTULAS</strong></span> 
     </span>
     <span class='ocr_line' id='line_1_4' title="bbox 559 1147 1250 1207; baseline -0.02 -4"><span class='ocrx_word' id='word_1_8' title='bbox 559 1152 991 1207; x_wconf 73' lang='lat' dir='ltr'><strong><em>TANAQUILLI</em></strong></span> <span class='ocrx_word' id='word_1_9' title='bbox 1027 1147 1250 1199; x_wconf 83' lang='lat' dir='ltr'><strong><em>FABRI,</em></strong></span> 
     </span>
    </p>
   </div>
   <div class='ocr_carea' id='block_1_4' title="bbox 622 1355 1182 1414">
    <p class='ocr_par' dir='ltr' id='par_1_4' title="bbox 622 1355 1182 1414">
     <span class='ocr_line' id='line_1_5' title="bbox 622 1355 1182 1414; baseline -0.021 1"><span class='ocrx_word' id='word_1_10' title='bbox 622 1365 701 1414; x_wconf 90' lang='lat' dir='ltr'>IN</span> <span class='ocrx_word' id='word_1_11' title='bbox 735 1355 1182 1412; x_wconf 89' lang='lat' dir='ltr'><strong>LUCRETIUM.</strong></span> 
     </span>
    </p>
   </div>
   <div class='ocr_carea' id='block_1_5' title="bbox 753 1579 1059 1597">
    <p class='ocr_par' dir='ltr' id='par_1_5' title="bbox 753 1579 1059 1597">
     <span class='ocr_line' id='line_1_6' title="bbox 753 1579 1059 1597; baseline -0.02 0"><span class='ocrx_word' id='word_1_12' title='bbox 753 1579 1017 1597; x_wconf 46' lang='lat' dir='ltr'>„mmmm”</span> <span class='ocrx_word' id='word_1_13' title='bbox 1021 1579 1059 1592; x_wconf 55' lang='lat' dir='ltr'>W</span> 
     </span>
    </p>
   </div>
   <div class='ocr_carea' id='block_1_6' title="bbox 210 1747 1251 1860">
    <p class='ocr_par' dir='ltr' id='par_1_6' title="bbox 210 1747 1251 1860">
     <span class='ocr_line' id='line_1_7' title="bbox 210 1747 335 1782; baseline -0.016 0"><span class='ocrx_word' id='word_1_14' title='bbox 210 1747 288 1782; x_wconf 89' lang='lat' dir='ltr'>Lib.</span> <span class='ocrx_word' id='word_1_15' title='bbox 305 1747 335 1780; x_wconf 91' lang='grc' dir='ltr'>Ι.</span> 
     </span>
     <span class='ocr_line' id='line_1_8' title="bbox 285 1803 1251 1860; baseline -0.022 -5"><span class='ocrx_word' id='word_1_16' title='bbox 285 1821 329 1856; x_wconf 87' lang='lat' dir='ltr'>V.</span> <span class='ocrx_word' id='word_1_17' title='bbox 350 1825 390 1853; x_wconf 78' lang='lat'>12</span> <span class='ocrx_word' id='word_1_18' title='bbox 415 1815 532 1852; x_wconf 86' lang='lat' dir='ltr'>Aeriae</span> <span class='ocrx_word' id='word_1_19' title='bbox 547 1812 697 1860; x_wconf 86' lang='lat' dir='ltr'>primum</span> <span class='ocrx_word' id='word_1_20' title='bbox 712 1808 874 1845; x_wconf 76' lang='lat' dir='ltr'>volucres</span> <span class='ocrx_word' id='word_1_21' title='bbox 891 1812 941 1848; x_wconf 85' lang='lat' dir='ltr'>te,</span> <span class='ocrx_word' id='word_1_22' title='bbox 957 1803 1063 1846; x_wconf 89' lang='lat' dir='ltr'>Diva,</span> <span class='ocrx_word' id='word_1_23' title='bbox 1079 1808 1251 1847; x_wconf 89' lang='lat' dir='ltr'>tuumque</span> 
     </span>
    </p>
   </div>
   <div class='ocr_carea' id='block_1_7' title="bbox 205 1872 1321 1928">
    <p class='ocr_par' dir='ltr' id='par_1_7' title="bbox 205 1872 1321 1928">
     <span class='ocr_line' id='line_1_9' title="bbox 205 1872 1321 1928; baseline -0.024 0"><span class='ocrx_word' id='word_1_24' title='bbox 205 1897 305 1928; x_wconf 89' lang='lat' dir='ltr'>Hunc</span> <span class='ocrx_word' id='word_1_25' title='bbox 321 1894 427 1924; x_wconf 87' lang='lat' dir='ltr'>locum</span> <span class='ocrx_word' id='word_1_26' title='bbox 443 1896 474 1921; x_wconf 86' lang='lat' dir='ltr'>et</span> <span class='ocrx_word' id='word_1_27' title='bbox 488 1889 587 1920; x_wconf 80' lang='lat' dir='ltr'>alium</span> <span class='ocrx_word' id='word_1_28' title='bbox 601 1887 656 1917; x_wconf 91' lang='lat' dir='ltr'>lib.</span> <span class='ocrx_word' id='word_1_29' title='bbox 674 1885 721 1915; x_wconf 95' lang='lat' dir='ltr'>II.</span> <span class='ocrx_word' id='word_1_30' title='bbox 737 1894 764 1914; x_wconf 88' lang='lat' dir='ltr'>v.</span> <span class='ocrx_word' id='word_1_31' title='bbox 779 1886 850 1915; x_wconf 87' lang='grc'><strong>991.</strong></span> <span class='ocrx_word' id='word_1_32' title='bbox 876 1879 997 1911; x_wconf 76' lang='lat' dir='ltr'>Statius</span> <span class='ocrx_word' id='word_1_33' title='bbox 1012 1876 1177 1917; x_wconf 80' lang='lat' dir='ltr'>expressit3</span> <span class='ocrx_word' id='word_1_34' title='bbox 1200 1872 1321 1910; x_wconf 90' lang='lat' dir='ltr'>Venus,</span> 
     </span>
    </p>
   </div>
   <div class='ocr_carea' id='block_1_8' title="bbox 377 1949 1255 2008">
    <p class='ocr_par' dir='ltr' id='par_1_8' title="bbox 377 1949 1255 2008">
     <span class='ocr_line' id='line_1_10' title="bbox 377 1949 1255 2008; baseline -0.023 -8"><span class='ocrx_word' id='word_1_35' title='bbox 377 1972 465 2007; x_wconf 80' lang='lat' dir='ltr'>Quas</span> <span class='ocrx_word' id='word_1_36' title='bbox 481 1976 540 2008; x_wconf 87' lang='lat' dir='ltr'>ego</span> <span class='ocrx_word' id='word_1_37' title='bbox 557 1974 621 1995; x_wconf 91' lang='lat' dir='ltr'>non</span> <span class='ocrx_word' id='word_1_38' title='bbox 636 1968 758 2004; x_wconf 85' lang='lat' dir='ltr'><strong>gentes,</strong></span> <span class='ocrx_word' id='word_1_39' title='bbox 774 1970 845 2001; x_wconf 90' lang='lat' dir='ltr'>quae</span> <span class='ocrx_word' id='word_1_40' title='bbox 860 1967 926 1989; x_wconf 91' lang='lat' dir='ltr'>non</span> <span class='ocrx_word' id='word_1_41' title='bbox 939 1956 1007 1986; x_wconf 86' lang='lat' dir='ltr'>face</span> <span class='ocrx_word' id='word_1_42' title='bbox 1023 1953 1117 1985; x_wconf 87' lang='lat' dir='ltr'>corda</span> <span class='ocrx_word' id='word_1_43' title='bbox 1125 1949 1255 1993; x_wconf 84' lang='lat' dir='ltr'>jugavi?</span> 
     </span>
    </p>
   </div>
   <div class='ocr_carea' id='block_1_9' title="bbox 377 2014 1224 2122">
    <p class='ocr_par' dir='ltr' id='par_1_9' title="bbox 377 2014 1224 2122">
     <span class='ocr_line' id='line_1_11' title="bbox 379 2014 1185 2064; baseline -0.022 -5"><span class='ocrx_word' id='word_1_44' title='bbox 379 2028 528 2060; x_wconf 90' lang='lat' dir='ltr'><strong>Alituum</strong></span> <span class='ocrx_word' id='word_1_45' title='bbox 543 2022 765 2064; x_wconf 88' lang='lat' dir='ltr'>pecudumque</span> <span class='ocrx_word' id='word_1_46' title='bbox 779 2017 874 2055; x_wconf 86' lang='lat' dir='ltr'>mihi;</span> <span class='ocrx_word' id='word_1_47' title='bbox 897 2015 1030 2056; x_wconf 84' lang='lat' dir='ltr'>durique</span> <span class='ocrx_word' id='word_1_48' title='bbox 1045 2014 1185 2044; x_wconf 82' lang='lat' dir='ltr'>ferarum</span> 
     </span>
     <span class='ocr_line' id='line_1_12' title="bbox 377 2070 1224 2122; baseline -0.024 -4"><span class='ocrx_word' id='word_1_49' title='bbox 377 2088 454 2118; x_wconf 85' lang='lat' dir='ltr'>Non</span> <span class='ocrx_word' id='word_1_50' title='bbox 471 2094 604 2116; x_wconf 87' lang='lat' dir='ltr'>renuere</span> <span class='ocrx_word' id='word_1_51' title='bbox 624 2090 749 2122; x_wconf 82' lang='lat' dir='ltr'>greges:</span> <span class='ocrx_word' id='word_1_52' title='bbox 775 2078 880 2117; x_wconf 84' lang='lat' dir='ltr'>ipsum</span> <span class='ocrx_word' id='word_1_53' title='bbox 895 2075 928 2105; x_wconf 92' lang='lat' dir='ltr'>in</span> <span class='ocrx_word' id='word_1_54' title='bbox 944 2072 1102 2104; x_wconf 84' lang='lat' dir='ltr'>connubia</span> <span class='ocrx_word' id='word_1_55' title='bbox 1116 2070 1224 2100; x_wconf 84' lang='lat' dir='ltr'>Terrae</span> 
     </span>
    </p>
   </div>
   <div class='ocr_carea' id='block_1_10' title="bbox 378 2129 1545 2209">
    <p class='ocr_par' dir='ltr' id='par_1_10' title="bbox 378 2129 1545 2209">
     <span class='ocr_line' id='line_1_13' title="bbox 378 2129 1176 2186; baseline -0.024 -8"><span class='ocrx_word' id='word_1_56' title='bbox 378 2146 512 2177; x_wconf 84' lang='lat' dir='ltr'>AEthera</span> <span class='ocrx_word' id='word_1_57' title='bbox 529 2146 619 2186; x_wconf 91' lang='lat' dir='ltr'>(cum</span> <span class='ocrx_word' id='word_1_58' title='bbox 634 2138 747 2180; x_wconf 82' lang='lat' dir='ltr'>pluviis</span> <span class='ocrx_word' id='word_1_59' title='bbox 761 2140 923 2168; x_wconf 85' lang='lat' dir='ltr'>rarescunt</span> <span class='ocrx_word' id='word_1_60' title='bbox 940 2131 1064 2173; x_wconf 88' lang='lat' dir='ltr'>nubila)</span> <span class='ocrx_word' id='word_1_61' title='bbox 1081 2129 1176 2161; x_wconf 87' lang='lat' dir='ltr'>solvo.</span> 
     </span>
     <span class='ocr_line' id='line_1_14' title="bbox 1373 2174 1545 2209; baseline -0.017 0"><span class='ocrx_word' id='word_1_62' title='bbox 1373 2174 1545 2209; x_wconf 77' lang='lat' dir='ltr'>Bentleius.</span> 
     </span>
    </p>
   </div>
   <div class='ocr_carea' id='block_1_11' title="bbox 333 2282 1368 2405">
    <p class='ocr_par' dir='ltr' id='par_1_11' title="bbox 333 2282 1368 2405">
     <span class='ocr_line' id='line_1_15' title="bbox 333 2282 1368 2345; baseline -0.023 -7"><span class='ocrx_word' id='word_1_63' title='bbox 333 2309 398 2338; x_wconf 77' lang='lat'><strong>5:37</strong></span> <span class='ocrx_word' id='word_1_64' title='bbox 424 2302 471 2336; x_wconf 93' lang='lat' dir='ltr'>Et</span> <span class='ocrx_word' id='word_1_65' title='bbox 488 2298 593 2345; x_wconf 59' lang='lat' dir='ltr'>quam</span> <span class='ocrx_word' id='word_1_66' title='bbox 610 2306 758 2342; x_wconf 90' lang='lat' dir='ltr'>quaeque</span> <span class='ocrx_word' id='word_1_67' title='bbox 775 2291 882 2336; x_wconf 85' lang='lat' dir='ltr'>magis</span> <span class='ocrx_word' id='word_1_68' title='bbox 899 2289 1041 2324; x_wconf 91' lang='lat' dir='ltr'>cohibet</span> <span class='ocrx_word' id='word_1_69' title='bbox 1058 2296 1114 2320; x_wconf 88' lang='lat' dir='ltr'>res</span> <span class='ocrx_word' id='word_1_70' title='bbox 1132 2283 1229 2318; x_wconf 88' lang='lat' dir='ltr'>intus</span> <span class='ocrx_word' id='word_1_71' title='bbox 1245 2282 1368 2324; x_wconf 85' lang='lat' dir='ltr'>Inane,</span> 
     </span>
     <span class='ocr_line' id='line_1_16' title="bbox 423 2347 1333 2405; baseline -0.019 -8"><span class='ocrx_word' id='word_1_72' title='bbox 423 2363 511 2397; x_wconf 89' lang='lat' dir='ltr'>Tam</span> <span class='ocrx_word' id='word_1_73' title='bbox 528 2359 636 2405; x_wconf 85' lang='lat' dir='ltr'>magis</span> <span class='ocrx_word' id='word_1_74' title='bbox 652 2358 708 2393; x_wconf 90' lang='lat' dir='ltr'>his</span> <span class='ocrx_word' id='word_1_75' title='bbox 724 2357 840 2398; x_wconf 88' lang='lat' dir='ltr'>rebus,</span> <span class='ocrx_word' id='word_1_76' title='bbox 855 2353 996 2400; x_wconf 87' lang='lat' dir='ltr'>penitus</span> <span class='ocrx_word' id='word_1_77' title='bbox 1013 2355 1161 2392; x_wconf 81' lang='lat' dir='ltr'>tentata,</span> <span class='ocrx_word' id='word_1_78' title='bbox 1176 2347 1333 2382; x_wconf 85' lang='lat' dir='ltr'><strong>labascit.</strong></span> 
     </span>
    </p>
   </div>
   <div class='ocr_carea' id='block_1_12' title="bbox 214 2443 566 2486">
    <p class='ocr_par' dir='ltr' id='par_1_12' title="bbox 214 2443 566 2486">
     <span class='ocr_line' id='line_1_17' title="bbox 214 2443 566 2486; baseline -0.026 -6"><span class='ocrx_word' id='word_1_79' title='bbox 214 2448 351 2481; x_wconf 86' lang='lat' dir='ltr'>Videtur</span> <span class='ocrx_word' id='word_1_80' title='bbox 365 2443 566 2486; x_wconf 87' lang='lat' dir='ltr'>Legendum,</span> 
     </span>
    </p>
   </div>
   <div class='ocr_carea' id='block_1_13' title="bbox 383 2503 1487 2589">
    <p class='ocr_par' dir='ltr' id='par_1_13' title="bbox 383 2503 1487 2589">
     <span class='ocr_line' id='line_1_18' title="bbox 383 2503 1213 2558; baseline -0.022 -6"><span class='ocrx_word' id='word_1_81' title='bbox 383 2522 466 2552; x_wconf 89' lang='lat' dir='ltr'>Tam</span> <span class='ocrx_word' id='word_1_82' title='bbox 480 2516 582 2558; x_wconf 83' lang='lat' dir='ltr'>magis</span> <span class='ocrx_word' id='word_1_83' title='bbox 598 2516 708 2547; x_wconf 75' lang='lat' dir='ltr'>ictibus</span> <span class='ocrx_word' id='word_1_84' title='bbox 723 2515 787 2544; x_wconf 79' lang='lat' dir='ltr'>lzaec</span> <span class='ocrx_word' id='word_1_85' title='bbox 802 2510 928 2552; x_wconf 87' lang='lat' dir='ltr'>penitus</span> <span class='ocrx_word' id='word_1_86' title='bbox 943 2513 1062 2539; x_wconf 82' lang='lat' dir='ltr'>tentata</span> <span class='ocrx_word' id='word_1_87' title='bbox 1076 2503 1213 2536; x_wconf 82' lang='lat' dir='ltr'>labascit.</span> 
     </span>
     <span class='ocr_line' id='line_1_19' title="bbox 1377 2558 1487 2589; baseline -0.018 0"><span class='ocrx_word' id='word_1_88' title='bbox 1377 2558 1487 2589; x_wconf 82' lang='lat' dir='ltr'>Faber.</span> 
     </span>
    </p>
   </div>
   <div class='ocr_carea' id='block_1_14' title="bbox 219 2667 1557 2748">
    <p class='ocr_par' dir='ltr' id='par_1_14' title="bbox 219 2667 1557 2748">
     <span class='ocr_line' id='line_1_20' title="bbox 219 2667 992 2723; baseline -0.025 -6"><span class='ocrx_word' id='word_1_89' title='bbox 219 2686 338 2723; x_wconf 88' lang='lat' dir='ltr'>Immo,</span> <span class='ocrx_word' id='word_1_90' title='bbox 355 2684 402 2714; x_wconf 81' lang='lat' dir='ltr'>his</span> <span class='ocrx_word' id='word_1_91' title='bbox 417 2683 516 2719; x_wconf 79' lang='lat' dir='ltr'>rebus,</span> <span class='ocrx_word' id='word_1_92' title='bbox 531 2678 550 2709; x_wconf 75' lang='grc' dir='ltr'>ἰ.</span> <span class='ocrx_word' id='word_1_93' title='bbox 565 2687 592 2709; x_wconf 83' lang='lat' dir='ltr'>e.</span> <span class='ocrx_word' id='word_1_94' title='bbox 607 2677 750 2710; x_wconf 86' lang='lat' dir='ltr'>humore,</span> <span class='ocrx_word' id='word_1_95' title='bbox 765 2671 895 2713; x_wconf 85' lang='lat' dir='ltr'>frigore,</span> <span class='ocrx_word' id='word_1_96' title='bbox 913 2667 992 2711; x_wconf 86' lang='lat' dir='ltr'>igni.</span> 
     </span>
     <span class='ocr_line' id='line_1_21' title="bbox 1381 2713 1557 2748; baseline -0.017 0"><span class='ocrx_word' id='word_1_97' title='bbox 1381 2713 1557 2748; x_wconf 82' lang='lat' dir='ltr'>Bentleius.</span> 
     </span>
    </p>
   </div>
   <div class='ocr_carea' id='block_1_15' title="bbox 344 2819 1517 2940">
    <p class='ocr_par' dir='ltr' id='par_1_15' title="bbox 344 2819 1517 2940">
     <span class='ocr_line' id='line_1_22' title="bbox 344 2819 1398 2884; baseline -0.024 -5"><span class='ocrx_word' id='word_1_98' title='bbox 344 2850 406 2880; x_wconf 87' lang='lat'>691</span> <span class='ocrx_word' id='word_1_99' title='bbox 435 2841 566 2877; x_wconf 86' lang='lat' dir='ltr'>Dicere</span> <span class='ocrx_word' id='word_1_100' title='bbox 582 2848 688 2884; x_wconf 81' lang='lat' dir='ltr'>porro</span> <span class='ocrx_word' id='word_1_101' title='bbox 703 2835 819 2881; x_wconf 87' lang='lat' dir='ltr'>ignem</span> <span class='ocrx_word' id='word_1_102' title='bbox 835 2843 891 2867; x_wconf 86' lang='lat' dir='ltr'>res</span> <span class='ocrx_word' id='word_1_103' title='bbox 907 2840 1030 2866; x_wconf 90' lang='lat' dir='ltr'>omnes</span> <span class='ocrx_word' id='word_1_104' title='bbox 1047 2837 1138 2869; x_wconf 89' lang='lat' dir='ltr'>esse,</span> <span class='ocrx_word' id='word_1_105' title='bbox 1159 2833 1273 2870; x_wconf 87' lang='lat' dir='ltr'>neque</span> <span class='ocrx_word' id='word_1_106' title='bbox 1289 2819 1398 2856; x_wconf 87' lang='lat' dir='ltr'>ullam</span> 
     </span>
     <span class='ocr_line' id='line_1_23' title="bbox 436 2880 1517 2940; baseline -0.025 1"><span class='ocrx_word' id='word_1_107' title='bbox 436 2903 527 2940; x_wconf 85' lang='lat' dir='ltr'>Rem</span> <span class='ocrx_word' id='word_1_108' title='bbox 542 2913 659 2939; x_wconf 87' lang='lat' dir='ltr'>veram</span> <span class='ocrx_word' id='word_1_109' title='bbox 676 2900 712 2936; x_wconf 89' lang='lat' dir='ltr'>in</span> <span class='ocrx_word' id='word_1_110' title='bbox 730 2908 876 2935; x_wconf 88' lang='lat' dir='ltr'>numero</span> <span class='ocrx_word' id='word_1_111' title='bbox 892 2905 1008 2932; x_wconf 88' lang='lat' dir='ltr'>rerum</span> <span class='ocrx_word' id='word_1_112' title='bbox 1025 2897 1200 2933; x_wconf 83' lang='lat' dir='ltr'>constare,</span> <span class='ocrx_word' id='word_1_113' title='bbox 1215 2885 1283 2923; x_wconf 86' lang='lat' dir='ltr'>nisi</span> <span class='ocrx_word' id='word_1_114' title='bbox 1298 2884 1427 2930; x_wconf 83' lang='lat' dir='ltr'>ignem,</span> <span class='ocrx_word' id='word_1_115' title='bbox 1452 2880 1517 2916; x_wconf 77' lang='grc' dir='ltr'>διο,</span> 
     </span>
    </p>
   </div>
  </div>
 </body>
</html>
