1967 3314
538 299 755 349 LIBRI
802 297 1159 349 SECUNDI.
1528 304 1616 350 197

1363 455 1404 475 Ex
1414 456 1579 477 ‘rYPOGRA-

1335 510 1375 530 PR
1381 509 1416 529 IA
1431 509 1612 531 SOCIETATIS

1378 563 1570 583 BlPosTINj—ss.

477 483 599 503 PAULUS
614 447 757 503 PBJDEN·¹
774 484 966 506 THEODORUS
982 483 1023 502 DE

228 514 429 537 FERBANDUS.

545 537 681 557 PERGER.
781 537 1015 559 RAGAZONIBUS.

261 638 292 667 B
295 637 390 669 rixiae.
554 639 686 669 Veronae.
833 639 938 669 Veneti
939 639 972 669 is.
1120 635 1257 666 Vfflletl'is-
1407 632 1542 672 Bil'fflzti·

237 727 311 757 Sine
323 728 422 758 Anno.
1148 733 1230 759 1500,
1436 725 1518 755 1782.

782 818 862 848 deest

781 868 842 898 tela

781 924 917 958 potentes

782 967 900 1007 quando

784 1016 877 1045 omnis

211 828 356 847 armorum

212 868 282 897 taela
497 873 558 903 tela

211 921 348 957 potentes
497 927 633 963 potentes

212 966 330 1006 quaudo
497 973 616 1012 quando

212 1016 307 1046 OIssssiS
497 1023 592 1053 omnis

1053 828 1215 855 4alrtnoflun
1357 822 1501 841 armorum

1071 868 1132 898 tela
1357 862 1418 891 tela

1070 922 1208 957 potentes
1357 912 1504 952 potenteis

1071 968 1141 1007 quin
1359 963 1429 1002 quin

1070 1028 1156 1046 omne
1358 1023 1442 1042 omne

1071 1068 1127 1096 hoc
1360 1063 1416 1091 hoc

1071 1118 1181 1157 ejestas
1359 1112 1469 1151 ejestas

1072 1177 1137 1196 cum
1360 1171 1425 1189 cum

1072 1216 1235 1256 praesertim
1359 1209 1522 1249 Pffiffiffl‘tim

215 1276 281 1304 quae
501 1281 558 1309 que

155 1335 162 1347 ι
215 1316 289 1350 Quae
501 1321 568 1356 Que

215 1370 356 1395 terrorem
500 1375 609 1399 terrem

215 1426 335 1445 necesse
349 1421 395 1446 est
502 1429 622 1448 necesse
636 1422 683 1447 est

215 1465 285 1495 taela
503 1468 572 1498 taela

216 1515 327 1555 speties
504 1518 614 1558 speties

216 1574 340 1604 quaeque
503 1578 630 1608 quaeque

217 1613 283 1644 ollis
504 1618 562 1647 illis

217 1663 337 1702 prebere
504 1667 626 1707 prebere

219 1714 339 1743 coheret
506 1717 626 1746 coheret

219 1773 364 1802 quamque
505 1775 650 1804 quamque

220 1813 306 1852 quasi
506 1825 565 1855 qua

221 1863 364 1892 cemimus
505 1866 647 1895 terminus

221 1914 294 1943 Cum
506 1915 585 1949 Qum

220 1963 371 1993 incolomis
506 1965 536 1994 in
546 1964 667 1994 colomis

220 2022 289 2051 quae
507 2025 564 2054 que

221 2063 366 2103 augminae
506 2064 625 2105 agmine

221 2116 252 2141 et
507 2119 539 2143 at

221 2161 277 2191 hec
507 2165 563 2193 hec

221 2210 301 2240 secla
508 2213 597 2243 saecla

220 2259 342 2289 tradunt
506 2263 664 2294 traduntur

222 2319 342 2339 necesse
355 2314 403 2339 est
509 2317 660 2342 necessest

223 2359 388 2388 confluere
508 2362 674 2392 confluxere

224 2413 256 2437 ut
269 2408 314 2437 uti
509 2418 543 2442 ut
552 2412 596 2442 uti

224 2466 293 2496 <1¹¹ae
510 2473 567 2501 que

1074 1371 1215 1395 terrorem
1361 1362 1502 1387 terrorem

1074 1419 1227 1445 necessest
1362 1407 1525 1437 necesse'st

1074 1465 1143 1495 taela
1362 1457 1423 1487 tela

1075 1515 1189 1556 Species
1364 1507 1478 1546 species

1076 1576 1177 1605 quaeve
1365 1568 1468 1596 quaeve

1077 1616 1136 1645 ffljs
1364 1607 1430 1636 ollis

1077 1665 1210 1705 praebere
1364 1656 1493 1694 Psfflbffl'e

1078 1715 1206 1744 cohaeret
1365 1706 1497 1735 cohaeret

1078 1774 1214 1803 quanque
1365 1765 1511 1794 quamque

1078 1812 1163 1852 quasi
1365 1805 1451 1845 qllaSi

1079 1861 1223 1892 cemimus
1366 1858 1511 1887 cernimus

1079 1912 1152 1940 Cum
1367 1908 1389 1937 C
1393 1918 1440 1936 um

1078 1962 1229 1991 incolomis
1365 1957 1518 1986 incolumis

1079 2023 1144 2051 quae
1365 2016 1435 2045 quae

1079 2061 1219 2102 augmina
1365 2055 1502 2096 augmine

1079 2116 1112 2141 at
1365 2110 1398 2135 at

1079 2162 1142 2191 haec
1365 2157 1429 2185 haec

1079 2211 1161 2240 secla
1366 2205 1455 2235 saecia

1079 2262 1200 2291 tradunt
1366 2255 1487 2285 tradunt

1080 2314 1232 2340 necessest
1367 2305 1529 2336 necesse’st

1081 2371 1145 2389 cum
1156 2360 1268 2389 fluxere
1367 2367 1432 2386 cum
1446 2355 1548 2385 flixere

1082 2409 1115 2439 fit
1128 2414 1162 2439 ut
1367 2406 1402 2436 fit
1415 2410 1448 2435 ut

788 1423 908 1443 necesse
921 1417 968 1441 est

787 1463 858 1493 taela

789 1512 904 1553 species

789 1574 912 1603 quaeque

790 1614 848 1643 11hs

790 1663 911 1702 prebere

790 1714 910 1742 coheret

790 1772 936 1801 quamque

793 1824 852 1852 qua

791 1862 932 1892 terminus

792 1914 869 1948 Qum

792 1964 821 1992 in
835 1961 953 1992 colomis

791 2022 849 2051 que

792 2210 880 2241 saecla

791 2260 949 2291 traduntur

793 2316 945 2340 necessest

793 2360 960 2389 confluxere

794 2413 829 2439 ut
842 2410 886 2438 uti

795 2468 852 2497 que

1082 2469 1147 2497 quae
1369 2467 1434 2495 (111ae

225 2506 380 2545 quicqum
511 2511 666 2549 quicquam
794 2507 951 2546 quicquam
1083 2506 1238 2546 quicquam
1369 2505 1527 2544 quidquam

224 2557 358 2596 tergibus
511 2560 644 2599 tergibus
796 2557 928 2596 tergibus
1082 2557 1215 2596 tergibus
1370 2561 1455 2595 tergo
1469 2555 1535 2584 ibus

225 2617 339 2636 summa
511 2619 596 2638 suma
796 2617 880 2636 suma
1083 2616 1196 2635 summa
1369 2615 1482 2634 summa

225 2655 357 2696 spacium
512 2657 640 2696 spatium
797 2656 925 2695 spatium
1084 2656 1212 2695 spatium
1370 2655 1498 2694 spatium

225 2706 368 2745 modoque
381 2711 429 2736 est
512 2707 686 2746 modoquest
796 2705 969 2744 modoquest
1085 2705 1259 2744 modoquest
1369 2704 1555 2744 modoque‘st

226 2757 320 2797 partis
514 2755 608 2796 partis
796 2755 890 2794 partis
1085 2755 1195 2794 parteis
1370 2753 1480 2794 parteis

226 2806 357 2836 ostendit
513 2805 644 2835 ostendit
798 2804 930 2834 ostendit
1085 2804 1201 2834 ostendi
1369 2803 1486 2833 ostendi

227 2862 310 2887 certa
318 2861 350 2886 et
414 2848 416 2850 ¹
514 2860 596 2885 certa
608 2859 639 2884 et
799 2859 882 2884 certa
894 2859 925 2884 et
1086 2858 1168 2883 certa
1177 2859 1207 2883 et
1369 2858 1400 2883 et
1413 2858 1495 2882 certa

227 2906 381 2946 probatum
395 2910 442 2935 est
514 2905 667 2945 probatum
681 2909 728 2935 est
799 2905 952 2945 probatum
971 2909 1018 2934 est
1085 2904 1243 2944 probatust
1370 2903 1538 2943 probatu'st

226 2955 369 2985 iter-vallis
514 2955 590 2985 'mter
610 2954 695 2985 vallis
800 2955 877 2986 inter
892 2954 978 2985 vallis
1085 2953 1248 2985 intervallis
1370 2953 1533 2984 intervallis
