<?xml version="1.0" encoding="UTF-8"?>
<!DOCTYPE html PUBLIC "-//W3C//DTD XHTML 1.0 Transitional//EN"
    "http://www.w3.org/TR/xhtml1/DTD/xhtml1-transitional.dtd">
<html xmlns="http://www.w3.org/1999/xhtml" xml:lang="en" lang="en">
 <head>
  <title>
</title>
<meta http-equiv="Content-Type" content="text/html;charset=utf-8" />
  <meta name='ocr-system' content='tesseract 3.04.00' />
  <meta name='ocr-capabilities' content='ocr_page ocr_carea ocr_par ocr_line ocrx_word'/>
</head>
<body>
  <div class='ocr_page' id='page_1' title='image "./tlucretiicarider04lucruoft_0372.png"; bbox 0 0 1967 3314; ppageno 0'>
   <div class='ocr_carea' id='block_1_1' title="bbox 305 269 1565 322">
    <p class='ocr_par' dir='ltr' id='par_1_1' title="bbox 305 269 1565 322">
     <span class='ocr_line' id='line_1_1' title="bbox 305 269 1565 322; baseline 0.006 -7"><span class='ocrx_word' id='word_1_1' title='bbox 305 276 401 317; x_wconf 80' lang='lat'>342</span> <span class='ocrx_word' id='word_1_2' title='bbox 619 269 1077 319; x_wconf 90' lang='lat' dir='ltr'><strong>VARIANTES</strong></span> <span class='ocrx_word' id='word_1_3' title='bbox 1127 270 1565 322; x_wconf 88' lang='lat' dir='ltr'>LECTIONES</span> 
     </span>
    </p>
   </div>
   <div class='ocr_carea' id='block_1_2' title="bbox 404 398 1828 413">
    <p class='ocr_par' dir='ltr' id='par_1_2' title="bbox 404 398 1828 413">
     <span class='ocr_line' id='line_1_2' title="bbox 404 398 1828 413; baseline 0 2901"><span class='ocrx_word' id='word_1_4' title='bbox 404 398 1828 413; x_wconf 95' lang='lat' dir='ltr'> </span> 
     </span>
    </p>
   </div>
   <div class='ocr_carea' id='block_1_3' title="bbox 1535 409 1838 466">
    <p class='ocr_par' dir='ltr' id='par_1_3' title="bbox 1535 409 1838 466">
     <span class='ocr_line' id='line_1_3' title="bbox 1535 409 1838 466; baseline 0 -41"><span class='ocrx_word' id='word_1_5' title='bbox 1535 409 1838 466; x_wconf 95' lang='lat' dir='ltr'>  </span> 
     </span>
    </p>
   </div>
   <div class='ocr_carea' id='block_1_4' title="bbox 1575 435 1793 456">
    <p class='ocr_par' dir='ltr' id='par_1_4' title="bbox 1575 435 1793 456">
     <span class='ocr_line' id='line_1_4' title="bbox 1575 435 1793 456; baseline 0.005 -1"><span class='ocrx_word' id='word_1_6' title='bbox 1575 435 1615 455; x_wconf 77' lang='lat' dir='ltr'>Ex</span> <span class='ocrx_word' id='word_1_7' title='bbox 1628 435 1666 455; x_wconf 70' lang='grc' dir='ltr'>ΤΥ</span> <span class='ocrx_word' id='word_1_8' title='bbox 1673 435 1793 456; x_wconf 65' lang='lat' dir='ltr'>romu·</span> 
     </span>
    </p>
   </div>
   <div class='ocr_carea' id='block_1_5' title="bbox 1535 425 1838 518">
    <p class='ocr_par' dir='ltr' id='par_1_5' title="bbox 1535 425 1838 518">
     <span class='ocr_line' id='line_1_5' title="bbox 1535 425 1838 479; baseline 0 -13"><span class='ocrx_word' id='word_1_9' title='bbox 1535 425 1838 479; x_wconf 95' lang='lat' dir='ltr'>   </span> 
     </span>
     <span class='ocr_line' id='line_1_6' title="bbox 1535 479 1551 518; baseline 0 2796"><span class='ocrx_word' id='word_1_10' title='bbox 1535 479 1551 518; x_wconf 95' lang='lat' dir='ltr'> </span> 
     </span>
    </p>
   </div>
   <div class='ocr_carea' id='block_1_6' title="bbox 695 451 1237 473">
    <p class='ocr_par' dir='ltr' id='par_1_6' title="bbox 695 451 1237 473">
     <span class='ocr_line' id='line_1_7' title="bbox 695 451 1237 473; baseline 0.004 -2"><span class='ocrx_word' id='word_1_11' title='bbox 695 452 816 472; x_wconf 75' lang='lat' dir='ltr'><strong>PAULUS</strong></span> <span class='ocrx_word' id='word_1_12' title='bbox 829 452 964 472; x_wconf 69' lang='lat' dir='ltr'>muner&lt;—</span> <span class='ocrx_word' id='word_1_13' title='bbox 989 451 1180 473; x_wconf 68' lang='lat' dir='ltr'>&#39;rffltononus</span> <span class='ocrx_word' id='word_1_14' title='bbox 1196 453 1237 473; x_wconf 64' lang='lat' dir='ltr'>nl:</span> 
     </span>
    </p>
   </div>
   <div class='ocr_carea' id='block_1_7' title="bbox 1263 479 1839 747">
    <p class='ocr_par' dir='ltr' id='par_1_7' title="bbox 1263 479 1839 747">
     <span class='ocr_line' id='line_1_8' title="bbox 1536 479 1838 598; baseline 0 -79"><span class='ocrx_word' id='word_1_15' title='bbox 1536 518 1838 598; x_wconf 95' lang='lat' dir='ltr'>     </span> <span class='ocrx_word' id='word_1_16' title='bbox 1752 479 1838 598; x_wconf 95' lang='lat' dir='ltr'>    </span> 
     </span>
     <span class='ocr_line' id='line_1_9' title="bbox 1263 674 1839 747; baseline -0.003 0"><span class='ocrx_word' id='word_1_17' title='bbox 1263 674 1839 747; x_wconf 95' lang='lat' dir='ltr'>     </span> 
     </span>
    </p>
   </div>
   <div class='ocr_carea' id='block_1_8' title="bbox 1355 677 1535 682">
    <p class='ocr_par' dir='ltr' id='par_1_8' title="bbox 1355 677 1535 682">
     <span class='ocr_line' id='line_1_10' title="bbox 1355 677 1535 682; baseline 0 0"><span class='ocrx_word' id='word_1_18' title='bbox 1355 677 1535 682; x_wconf 95' lang='lat' dir='ltr'> </span> 
     </span>
    </p>
   </div>
   <div class='ocr_carea' id='block_1_9' title="bbox 1263 690 1839 832">
    <p class='ocr_par' dir='ltr' id='par_1_9' title="bbox 1263 690 1839 832">
     <span class='ocr_line' id='line_1_11' title="bbox 1263 690 1839 791; baseline 0.003 -46"><span class='ocrx_word' id='word_1_19' title='bbox 1263 690 1839 791; x_wconf 95' lang='lat' dir='ltr'>    </span> <span class='ocrx_word' id='word_1_20' title='bbox 1819 745 1839 747; x_wconf 95' lang='lat' dir='ltr'> </span> 
     </span>
     <span class='ocr_line' id='line_1_12' title="bbox 1535 791 1839 832; baseline 0 -4"><span class='ocrx_word' id='word_1_21' title='bbox 1535 828 1552 832; x_wconf 95' lang='lat' dir='ltr'> </span> <span class='ocrx_word' id='word_1_22' title='bbox 1819 791 1839 828; x_wconf 95' lang='lat' dir='ltr'> </span> 
     </span>
    </p>
   </div>
   <div class='ocr_carea' id='block_1_10' title="bbox 410 649 1839 2992">
    <p class='ocr_par' dir='ltr' id='par_1_10' title="bbox 410 649 1839 2992">
     <span class='ocr_line' id='line_1_13' title="bbox 410 649 1839 832; baseline 0 0"><span class='ocrx_word' id='word_1_23' title='bbox 410 649 982 790; x_wconf 95' lang='lat' dir='ltr'> </span> <span class='ocrx_word' id='word_1_24' title='bbox 1263 791 1282 822; x_wconf 95' lang='lat' dir='ltr'> </span> <span class='ocrx_word' id='word_1_25' title='bbox 1368 791 1553 828; x_wconf 95' lang='lat' dir='ltr'>  </span> <span class='ocrx_word' id='word_1_26' title='bbox 1819 828 1839 832; x_wconf 95' lang='lat' dir='ltr'> </span> 
     </span>
     <span class='ocr_line' id='line_1_14' title="bbox 1535 832 1839 984; baseline 0 0"><span class='ocrx_word' id='word_1_27' title='bbox 1535 832 1552 984; x_wconf 95' lang='lat' dir='ltr'>   </span> <span class='ocrx_word' id='word_1_28' title='bbox 1819 832 1839 984; x_wconf 95' lang='lat' dir='ltr'>   </span> 
     </span>
     <span class='ocr_line' id='line_1_15' title="bbox 1535 984 1839 1031; baseline 0 0"><span class='ocrx_word' id='word_1_29' title='bbox 1535 984 1552 1031; x_wconf 95' lang='lat' dir='ltr'> </span> <span class='ocrx_word' id='word_1_30' title='bbox 1819 984 1839 1031; x_wconf 95' lang='lat' dir='ltr'> </span> 
     </span>
     <span class='ocr_line' id='line_1_16' title="bbox 1535 1031 1839 1131; baseline 0 0"><span class='ocrx_word' id='word_1_31' title='bbox 1535 1031 1552 1131; x_wconf 95' lang='lat' dir='ltr'>  </span> <span class='ocrx_word' id='word_1_32' title='bbox 1819 1031 1839 1131; x_wconf 95' lang='lat' dir='ltr'>  </span> 
     </span>
     <span class='ocr_line' id='line_1_17' title="bbox 1535 1131 1839 1181; baseline 0 0"><span class='ocrx_word' id='word_1_33' title='bbox 1535 1131 1552 1181; x_wconf 95' lang='lat' dir='ltr'> </span> <span class='ocrx_word' id='word_1_34' title='bbox 1819 1131 1839 1181; x_wconf 95' lang='lat' dir='ltr'> </span> 
     </span>
     <span class='ocr_line' id='line_1_18' title="bbox 1535 1181 1839 1282; baseline 0 0"><span class='ocrx_word' id='word_1_35' title='bbox 1535 1181 1552 1282; x_wconf 95' lang='lat' dir='ltr'>  </span> <span class='ocrx_word' id='word_1_36' title='bbox 1819 1181 1839 1282; x_wconf 95' lang='lat' dir='ltr'>  </span> 
     </span>
     <span class='ocr_line' id='line_1_19' title="bbox 1535 1282 1839 1382; baseline 0 0"><span class='ocrx_word' id='word_1_37' title='bbox 1535 1282 1552 1382; x_wconf 95' lang='lat' dir='ltr'>  </span> <span class='ocrx_word' id='word_1_38' title='bbox 1819 1282 1839 1382; x_wconf 95' lang='lat' dir='ltr'>  </span> 
     </span>
     <span class='ocr_line' id='line_1_20' title="bbox 1535 1382 1839 1481; baseline 0 0"><span class='ocrx_word' id='word_1_39' title='bbox 1535 1382 1552 1481; x_wconf 95' lang='lat' dir='ltr'>  </span> <span class='ocrx_word' id='word_1_40' title='bbox 1819 1382 1839 1481; x_wconf 95' lang='lat' dir='ltr'>  </span> 
     </span>
     <span class='ocr_line' id='line_1_21' title="bbox 1535 1481 1839 1578; baseline 0 0"><span class='ocrx_word' id='word_1_41' title='bbox 1535 1481 1552 1578; x_wconf 95' lang='lat' dir='ltr'>  </span> <span class='ocrx_word' id='word_1_42' title='bbox 1819 1481 1839 1578; x_wconf 95' lang='lat' dir='ltr'>  </span> 
     </span>
     <span class='ocr_line' id='line_1_22' title="bbox 1535 1578 1839 1629; baseline 0 0"><span class='ocrx_word' id='word_1_43' title='bbox 1535 1578 1552 1629; x_wconf 95' lang='lat' dir='ltr'> </span> <span class='ocrx_word' id='word_1_44' title='bbox 1819 1578 1839 1629; x_wconf 95' lang='lat' dir='ltr'> </span> 
     </span>
     <span class='ocr_line' id='line_1_23' title="bbox 1535 1629 1839 1738; baseline 0 0"><span class='ocrx_word' id='word_1_45' title='bbox 1535 1629 1552 1738; x_wconf 95' lang='lat' dir='ltr'>  </span> <span class='ocrx_word' id='word_1_46' title='bbox 1819 1629 1839 1738; x_wconf 95' lang='lat' dir='ltr'>  </span> 
     </span>
     <span class='ocr_line' id='line_1_24' title="bbox 1535 1738 1839 1831; baseline 0 0"><span class='ocrx_word' id='word_1_47' title='bbox 1535 1738 1552 1831; x_wconf 95' lang='lat' dir='ltr'>  </span> <span class='ocrx_word' id='word_1_48' title='bbox 1819 1738 1839 1831; x_wconf 95' lang='lat' dir='ltr'>  </span> 
     </span>
     <span class='ocr_line' id='line_1_25' title="bbox 1535 1831 1839 1979; baseline 0 -47"><span class='ocrx_word' id='word_1_49' title='bbox 1535 1831 1552 1979; x_wconf 95' lang='lat' dir='ltr'>   </span> <span class='ocrx_word' id='word_1_50' title='bbox 1819 1831 1839 1979; x_wconf 95' lang='lat' dir='ltr'>   </span> 
     </span>
     <span class='ocr_line' id='line_1_26' title="bbox 1535 1982 1839 2133; baseline 0 -41"><span class='ocrx_word' id='word_1_51' title='bbox 1535 1982 1839 2133; x_wconf 95' lang='lat' dir='ltr'>       </span> 
     </span>
     <span class='ocr_line' id='line_1_27' title="bbox 1535 2133 1839 2279; baseline 0 -35"><span class='ocrx_word' id='word_1_52' title='bbox 1535 2133 1552 2279; x_wconf 95' lang='lat' dir='ltr'>   </span> <span class='ocrx_word' id='word_1_53' title='bbox 1819 2133 1839 2279; x_wconf 95' lang='lat' dir='ltr'>   </span> 
     </span>
     <span class='ocr_line' id='line_1_28' title="bbox 1535 2279 1839 2321; baseline 0 0"><span class='ocrx_word' id='word_1_54' title='bbox 1535 2279 1839 2321; x_wconf 95' lang='lat' dir='ltr'>   </span> 
     </span>
     <span class='ocr_line' id='line_1_29' title="bbox 1535 2321 1839 2487; baseline 0 -58"><span class='ocrx_word' id='word_1_55' title='bbox 1535 2321 1839 2487; x_wconf 95' lang='lat' dir='ltr'>       </span> 
     </span>
     <span class='ocr_line' id='line_1_30' title="bbox 1535 2487 1839 2644; baseline 0 0"><span class='ocrx_word' id='word_1_56' title='bbox 1535 2487 1552 2644; x_wconf 95' lang='lat' dir='ltr'>   </span> <span class='ocrx_word' id='word_1_57' title='bbox 1819 2487 1839 2644; x_wconf 95' lang='lat' dir='ltr'>   </span> 
     </span>
     <span class='ocr_line' id='line_1_31' title="bbox 1535 2644 1839 2737; baseline 0 -6"><span class='ocrx_word' id='word_1_58' title='bbox 1535 2644 1839 2737; x_wconf 95' lang='lat' dir='ltr'>     </span> 
     </span>
     <span class='ocr_line' id='line_1_32' title="bbox 1535 2737 1839 2880; baseline 0 -34"><span class='ocrx_word' id='word_1_59' title='bbox 1535 2737 1552 2880; x_wconf 95' lang='lat' dir='ltr'>   </span> <span class='ocrx_word' id='word_1_60' title='bbox 1819 2737 1839 2880; x_wconf 95' lang='lat' dir='ltr'>   </span> 
     </span>
     <span class='ocr_line' id='line_1_33' title="bbox 1535 2880 1839 2992; baseline 0 -46"><span class='ocrx_word' id='word_1_61' title='bbox 1535 2880 1552 2992; x_wconf 95' lang='lat' dir='ltr'>  </span> <span class='ocrx_word' id='word_1_62' title='bbox 1819 2880 1839 2946; x_wconf 95' lang='lat' dir='ltr'> </span> 
     </span>
    </p>
   </div>
   <div class='ocr_carea' id='block_1_11' title="bbox 302 481 1825 2976">
    <p class='ocr_par' dir='ltr' id='par_1_11' title="bbox 302 481 1825 2976">
     <span class='ocr_line' id='line_1_34' title="bbox 445 481 1825 528; baseline 0.006 -26"><span class='ocrx_word' id='word_1_63' title='bbox 445 481 646 504; x_wconf 67' lang='lat' dir='ltr'>rsnnnxnos.</span> <span class='ocrx_word' id='word_1_64' title='bbox 764 506 900 527; x_wconf 49' lang='lat' dir='ltr'><strong>PERGER·</strong></span> <span class='ocrx_word' id='word_1_65' title='bbox 992 506 1218 528; x_wconf 55' lang='lat' dir='ltr'>RAGMOMBUS</span> <span class='ocrx_word' id='word_1_66' title='bbox 1339 487 1452 508; x_wconf 61' lang='lat' dir='ltr'>annus.</span> <span class='ocrx_word' id='word_1_67' title='bbox 1551 489 1626 509; x_wconf 74' lang='lat' dir='ltr'>enm</span> <span class='ocrx_word' id='word_1_68' title='bbox 1643 489 1825 510; x_wconf 58' lang='lat' dir='ltr'>socxz‘rnns</span> 
     </span>
     <span class='ocr_line' id='line_1_35' title="bbox 1220 521 1786 563; baseline 0 0"><span class='ocrx_word' id='word_1_69' title='bbox 1220 521 1227 528; x_wconf 39' lang='grc' dir='ltr'>ι</span> <span class='ocrx_word' id='word_1_70' title='bbox 1591 543 1786 563; x_wconf 57' lang='lat' dir='ltr'>meon-mnne.</span> 
     </span>
     <span class='ocr_line' id='line_1_36' title="bbox 479 606 1752 654; baseline 0.008 -20"><span class='ocrx_word' id='word_1_71' title='bbox 479 606 606 637; x_wconf 62' lang='lat' dir='ltr'>Brixiae.</span> <span class='ocrx_word' id='word_1_72' title='bbox 757 608 886 638; x_wconf 70' lang='lat' dir='ltr'>Verona».</span> <span class='ocrx_word' id='word_1_73' title='bbox 1047 611 1186 644; x_wconf 66' lang='lat' dir='ltr'>Venelli-3.</span> <span class='ocrx_word' id='word_1_74' title='bbox 1333 613 1474 644; x_wconf 77' lang='lat' dir='ltr'>Venetiis.</span> <span class='ocrx_word' id='word_1_75' title='bbox 1618 613 1662 642; x_wconf 83' lang='lat' dir='ltr'>Bi</span> <span class='ocrx_word' id='word_1_76' title='bbox 1659 613 1746 654; x_wconf 77' lang='lat' dir='ltr'>ponti</span> <span class='ocrx_word' id='word_1_77' title='bbox 1747 639 1752 644; x_wconf 92' lang='lat'><em>.</em></span> 
     </span>
     <span class='ocr_line' id='line_1_37' title="bbox 332 653 1350 683; baseline 0.003 -1"><span class='ocrx_word' id='word_1_78' title='bbox 332 653 374 683; x_wconf 82' lang='lat' dir='ltr'>V.</span> <span class='ocrx_word' id='word_1_79' title='bbox 1280 676 1350 680; x_wconf 40' lang='grc' dir='ltr'><strong>ἡ</strong></span> 
     </span>
     <span class='ocr_line' id='line_1_38' title="bbox 1076 704 1726 734; baseline 0.003 -4"><span class='ocrx_word' id='word_1_80' title='bbox 1076 705 1160 734; x_wconf 82' lang='lat'>1495.</span> <span class='ocrx_word' id='word_1_81' title='bbox 1362 706 1446 732; x_wconf 85' lang='lat'>1500.</span> <span class='ocrx_word' id='word_1_82' title='bbox 1643 704 1726 733; x_wconf 75' lang='lat'>1782.</span> 
     </span>
     <span class='ocr_line' id='line_1_39' title="bbox 309 793 1653 823; baseline 0.005 -11"><span class='ocrx_word' id='word_1_83' title='bbox 309 793 382 823; x_wconf 85' lang='lat'>1009</span> <span class='ocrx_word' id='word_1_84' title='bbox 429 794 515 814; x_wconf 63' lang='lat' dir='ltr'>caeas</span> <span class='ocrx_word' id='word_1_85' title='bbox 713 796 817 816; x_wconf 83' lang='lat' dir='ltr'>cassas</span> <span class='ocrx_word' id='word_1_86' title='bbox 998 800 1100 820; x_wconf 80' lang='lat' dir='ltr'>cassas</span> <span class='ocrx_word' id='word_1_87' title='bbox 1282 801 1368 822; x_wconf 81' lang='lat' dir='ltr'>casas</span> <span class='ocrx_word' id='word_1_88' title='bbox 1568 800 1653 819; x_wconf 76' lang='lat' dir='ltr'>cases</span> 
     </span>
     <span class='ocr_line' id='line_1_40' title="bbox 431 833 1671 880; baseline 0.003 -13"><span class='ocrx_word' id='word_1_89' title='bbox 431 833 522 873; x_wconf 79' lang='lat' dir='ltr'>pelles</span> <span class='ocrx_word' id='word_1_90' title='bbox 714 835 806 875; x_wconf 55' lang='lat' dir='ltr'>pelles</span> <span class='ocrx_word' id='word_1_91' title='bbox 998 840 1091 879; x_wconf 80' lang='lat' dir='ltr'>pelles</span> <span class='ocrx_word' id='word_1_92' title='bbox 1282 841 1385 880; x_wconf 70' lang='lat' dir='ltr'>palleis</span> <span class='ocrx_word' id='word_1_93' title='bbox 1567 837 1671 877; x_wconf 84' lang='lat' dir='ltr'>pelleis</span> 
     </span>
     <span class='ocr_line' id='line_1_41' title="bbox 309 882 1788 931; baseline 0.002 -15"><span class='ocrx_word' id='word_1_94' title='bbox 309 891 379 917; x_wconf 93' lang='lat'>1011</span> <span class='ocrx_word' id='word_1_95' title='bbox 429 882 509 913; x_wconf 68' lang='lat' dir='ltr'>deest</span> <span class='ocrx_word' id='word_1_96' title='bbox 527 893 633 913; x_wconf 72' lang='lat' dir='ltr'>versu-5</span> <span class='ocrx_word' id='word_1_97' title='bbox 713 884 793 914; x_wconf 70' lang='lat' dir='ltr'>deest</span> <span class='ocrx_word' id='word_1_98' title='bbox 805 895 910 916; x_wconf 71' lang='lat' dir='ltr'>versus</span> <span class='ocrx_word' id='word_1_99' title='bbox 996 889 1077 919; x_wconf 70' lang='lat' dir='ltr'>deest</span> <span class='ocrx_word' id='word_1_100' title='bbox 1090 900 1195 919; x_wconf 72' lang='lat' dir='ltr'>versus</span> <span class='ocrx_word' id='word_1_101' title='bbox 1282 892 1432 931; x_wconf 84' lang='lat' dir='ltr'><strong>Castaque</strong></span> <span class='ocrx_word' id='word_1_102' title='bbox 1448 892 1504 922; x_wconf 86' lang='lat' dir='ltr'>&amp;c.</span> <span class='ocrx_word' id='word_1_103' title='bbox 1568 887 1718 927; x_wconf 75' lang='lat' dir='ltr'><strong>Castaque</strong></span> <span class='ocrx_word' id='word_1_104' title='bbox 1731 889 1788 919; x_wconf 73' lang='grc' dir='ltr'>διο.</span> 
     </span>
     <span class='ocr_line' id='line_1_42' title="bbox 309 933 1736 972; baseline 0.004 -6"><span class='ocrx_word' id='word_1_105' title='bbox 309 941 382 966; x_wconf 85' lang='grc'>1013</span> <span class='ocrx_word' id='word_1_106' title='bbox 430 933 588 962; x_wconf 84' lang='lat' dir='ltr'>molescere</span> <span class='ocrx_word' id='word_1_107' title='bbox 714 934 872 965; x_wconf 87' lang='lat' dir='ltr'>molescere</span> <span class='ocrx_word' id='word_1_108' title='bbox 997 939 1155 969; x_wconf 85' lang='lat' dir='ltr'>molescere</span> <span class='ocrx_word' id='word_1_109' title='bbox 1281 941 1453 972; x_wconf 86' lang='lat' dir='ltr'>mollescere</span> <span class='ocrx_word' id='word_1_110' title='bbox 1567 936 1736 968; x_wconf 73' lang='lat' dir='ltr'>mollescere</span> 
     </span>
     <span class='ocr_line' id='line_1_43' title="bbox 308 981 1643 1030; baseline 0.001 -16"><span class='ocrx_word' id='word_1_111' title='bbox 308 990 382 1015; x_wconf 81' lang='lat'>1014</span> <span class='ocrx_word' id='word_1_112' title='bbox 429 981 529 1021; x_wconf 78' lang='lat' dir='ltr'>algida</span> <span class='ocrx_word' id='word_1_113' title='bbox 714 982 790 1013; x_wconf 84' lang='lat' dir='ltr'>alsia</span> <span class='ocrx_word' id='word_1_114' title='bbox 997 988 1072 1017; x_wconf 77' lang='lat' dir='ltr'>alsia</span> <span class='ocrx_word' id='word_1_115' title='bbox 1283 989 1384 1030; x_wconf 79' lang='lat' dir='ltr'>algida</span> <span class='ocrx_word' id='word_1_116' title='bbox 1567 986 1643 1016; x_wconf 79' lang='lat' dir='ltr'>alsia</span> 
     </span>
     <span class='ocr_line' id='line_1_44' title="bbox 308 1034 1691 1079; baseline 0.002 -15"><span class='ocrx_word' id='word_1_117' title='bbox 308 1039 380 1064; x_wconf 82' lang='lat'>1015</span> <span class='ocrx_word' id='word_1_118' title='bbox 428 1034 551 1070; x_wconf 79' lang='lat' dir='ltr'>possent</span> <span class='ocrx_word' id='word_1_119' title='bbox 713 1038 835 1073; x_wconf 85' lang='lat' dir='ltr'>possent</span> <span class='ocrx_word' id='word_1_120' title='bbox 998 1042 1120 1076; x_wconf 83' lang='lat' dir='ltr'><strong>possent</strong></span> <span class='ocrx_word' id='word_1_121' title='bbox 1283 1045 1384 1079; x_wconf 85' lang='lat' dir='ltr'>posset</span> <span class='ocrx_word' id='word_1_122' title='bbox 1567 1041 1691 1076; x_wconf 84' lang='lat' dir='ltr'>possent</span> 
     </span>
     <span class='ocr_line' id='line_1_45' title="bbox 429 1080 1633 1119; baseline 0.002 -7"><span class='ocrx_word' id='word_1_123' title='bbox 429 1080 495 1109; x_wconf 84' lang='lat' dir='ltr'>coeli</span> <span class='ocrx_word' id='word_1_124' title='bbox 713 1083 777 1113; x_wconf 85' lang='lat' dir='ltr'>caeli</span> <span class='ocrx_word' id='word_1_125' title='bbox 998 1086 1066 1116; x_wconf 91' lang='lat' dir='ltr'>caeli</span> <span class='ocrx_word' id='word_1_126' title='bbox 1282 1089 1346 1119; x_wconf 86' lang='lat' dir='ltr'>caeli</span> <span class='ocrx_word' id='word_1_127' title='bbox 1567 1086 1633 1116; x_wconf 89' lang='lat' dir='ltr'>coeli</span> 
     </span>
     <span class='ocr_line' id='line_1_46' title="bbox 428 1129 1643 1168; baseline 0.009 -10"><span class='ocrx_word' id='word_1_128' title='bbox 428 1129 498 1159; x_wconf 83' lang='lat' dir='ltr'>ferri</span> <span class='ocrx_word' id='word_1_129' title='bbox 712 1133 783 1163; x_wconf 87' lang='lat' dir='ltr'>ferri</span> <span class='ocrx_word' id='word_1_130' title='bbox 996 1135 1065 1165; x_wconf 88' lang='lat' dir='ltr'>ferri</span> <span class='ocrx_word' id='word_1_131' title='bbox 1282 1138 1354 1168; x_wconf 85' lang='lat' dir='ltr'>ferri</span> <span class='ocrx_word' id='word_1_132' title='bbox 1567 1136 1643 1166; x_wconf 78' lang='lat' dir='ltr'>ferre</span> 
     </span>
     <span class='ocr_line' id='line_1_47' title="bbox 306 1179 1713 1219; baseline 0.006 -10"><span class='ocrx_word' id='word_1_133' title='bbox 306 1187 380 1216; x_wconf 82' lang='lat'>1016</span> <span class='ocrx_word' id='word_1_134' title='bbox 428 1179 574 1210; x_wconf 81' lang='lat' dir='ltr'>imminuit</span> <span class='ocrx_word' id='word_1_135' title='bbox 713 1183 743 1212; x_wconf 92' lang='lat' dir='ltr'>in</span> <span class='ocrx_word' id='word_1_136' title='bbox 757 1183 863 1214; x_wconf 86' lang='lat' dir='ltr'>minuit.</span> <span class='ocrx_word' id='word_1_137' title='bbox 997 1185 1027 1216; x_wconf 91' lang='lat' dir='ltr'>in</span> <span class='ocrx_word' id='word_1_138' title='bbox 1041 1187 1146 1217; x_wconf 86' lang='lat' dir='ltr'>minuit</span> <span class='ocrx_word' id='word_1_139' title='bbox 1281 1187 1427 1219; x_wconf 79' lang='lat' dir='ltr'><strong>imminuit</strong></span> <span class='ocrx_word' id='word_1_140' title='bbox 1567 1186 1713 1218; x_wconf 78' lang='lat' dir='ltr'>imminuit</span> 
     </span>
     <span class='ocr_line' id='line_1_48' title="bbox 428 1230 1656 1267; baseline 0.008 -8"><span class='ocrx_word' id='word_1_141' title='bbox 428 1230 506 1260; x_wconf 81' lang='lat' dir='ltr'>vires</span> <span class='ocrx_word' id='word_1_142' title='bbox 713 1233 791 1263; x_wconf 84' lang='lat' dir='ltr'>vires</span> <span class='ocrx_word' id='word_1_143' title='bbox 998 1236 1076 1267; x_wconf 82' lang='lat' dir='ltr'>vires</span> <span class='ocrx_word' id='word_1_144' title='bbox 1281 1237 1369 1267; x_wconf 79' lang='lat' dir='ltr'>vireis</span> <span class='ocrx_word' id='word_1_145' title='bbox 1402 1241 1406 1246; x_wconf 84' lang='lat'><strong><em>&#39;</em></strong></span> <span class='ocrx_word' id='word_1_146' title='bbox 1568 1236 1656 1267; x_wconf 81' lang='lat' dir='ltr'>vireis</span> 
     </span>
     <span class='ocr_line' id='line_1_49' title="bbox 428 1281 1708 1328; baseline 0.006 -18"><span class='ocrx_word' id='word_1_147' title='bbox 428 1281 586 1321; x_wconf 86' lang='lat' dir='ltr'>puerisque</span> <span class='ocrx_word' id='word_1_148' title='bbox 712 1283 863 1324; x_wconf 84' lang='lat' dir='ltr'>pueiriqne</span> <span class='ocrx_word' id='word_1_149' title='bbox 998 1287 1149 1327; x_wconf 79' lang='lat' dir='ltr'>pueirique</span> <span class='ocrx_word' id='word_1_150' title='bbox 1284 1288 1424 1328; x_wconf 84' lang='lat' dir='ltr'>puerique</span> <span class='ocrx_word' id='word_1_151' title='bbox 1567 1288 1708 1328; x_wconf 83' lang='lat' dir='ltr'>puerique</span> 
     </span>
     <span class='ocr_line' id='line_1_50' title="bbox 306 1331 1727 1368; baseline 0.002 -4"><span class='ocrx_word' id='word_1_152' title='bbox 306 1338 379 1367; x_wconf 89' lang='lat'>1017</span> <span class='ocrx_word' id='word_1_153' title='bbox 429 1331 592 1361; x_wconf 84' lang='lat' dir='ltr'>Blandiciis</span> <span class='ocrx_word' id='word_1_154' title='bbox 713 1332 872 1364; x_wconf 79' lang='lat' dir='ltr'>Blanditiis</span> <span class='ocrx_word' id='word_1_155' title='bbox 999 1337 1158 1368; x_wconf 79' lang='lat' dir='ltr'>Blanditiis</span> <span class='ocrx_word' id='word_1_156' title='bbox 1282 1336 1434 1367; x_wconf 87' lang='lat' dir='ltr'>blandiciis</span> <span class='ocrx_word' id='word_1_157' title='bbox 1568 1337 1727 1367; x_wconf 83' lang='lat' dir='ltr'>Blanditiis</span> 
     </span>
     <span class='ocr_line' id='line_1_51' title="bbox 306 1381 1726 1418; baseline 0.004 -6"><span class='ocrx_word' id='word_1_158' title='bbox 306 1387 380 1413; x_wconf 89' lang='lat'>1018</span> <span class='ocrx_word' id='word_1_159' title='bbox 427 1381 590 1411; x_wconf 85' lang='lat' dir='ltr'>amiciciem</span> <span class='ocrx_word' id='word_1_160' title='bbox 711 1384 869 1414; x_wconf 80' lang='lat' dir='ltr'>amicitiem</span> <span class='ocrx_word' id='word_1_161' title='bbox 997 1386 1154 1417; x_wconf 81' lang='lat' dir='ltr'>amicitiem</span> <span class='ocrx_word' id='word_1_162' title='bbox 1281 1388 1439 1418; x_wconf 79' lang='lat' dir='ltr'>amicitiem</span> <span class='ocrx_word' id='word_1_163' title='bbox 1566 1387 1726 1417; x_wconf 79' lang='lat' dir='ltr'>amicitiam</span> 
     </span>
     <span class='ocr_line' id='line_1_52' title="bbox 306 1430 1709 1468; baseline 0.007 -9"><span class='ocrx_word' id='word_1_164' title='bbox 306 1437 379 1466; x_wconf 83' lang='lat'>1019</span> <span class='ocrx_word' id='word_1_165' title='bbox 430 1430 571 1462; x_wconf 80' lang='lat' dir='ltr'>Finitima</span> <span class='ocrx_word' id='word_1_166' title='bbox 714 1432 836 1462; x_wconf 88' lang='lat' dir='ltr'>Finitim</span> <span class='ocrx_word' id='word_1_167' title='bbox 999 1436 1119 1465; x_wconf 84' lang='lat' dir='ltr'>Finitim</span> <span class='ocrx_word' id='word_1_168' title='bbox 1283 1437 1424 1468; x_wconf 79' lang='lat' dir='ltr'>Finitima</span> <span class='ocrx_word' id='word_1_169' title='bbox 1568 1435 1709 1466; x_wconf 75' lang='lat' dir='ltr'>Finitima</span> 
     </span>
     <span class='ocr_line' id='line_1_53' title="bbox 428 1482 1674 1519; baseline 0.002 -8"><span class='ocrx_word' id='word_1_170' title='bbox 428 1482 524 1513; x_wconf 87' lang='lat' dir='ltr'>ledere</span> <span class='ocrx_word' id='word_1_171' title='bbox 713 1483 810 1512; x_wconf 87' lang='lat' dir='ltr'>ledere</span> <span class='ocrx_word' id='word_1_172' title='bbox 997 1489 1095 1519; x_wconf 65' lang='lat' dir='ltr'>ledere</span> <span class='ocrx_word' id='word_1_173' title='bbox 1282 1487 1388 1518; x_wconf 71' lang='lat' dir='ltr'>laedere</span> <span class='ocrx_word' id='word_1_174' title='bbox 1569 1485 1674 1515; x_wconf 81' lang='lat' dir='ltr'>laedere</span> 
     </span>
     <span class='ocr_line' id='line_1_54' title="bbox 305 1533 1684 1569; baseline 0.001 -4"><span class='ocrx_word' id='word_1_175' title='bbox 305 1539 381 1565; x_wconf 81' lang='grc'>1020</span> <span class='ocrx_word' id='word_1_176' title='bbox 428 1533 529 1562; x_wconf 83' lang='lat' dir='ltr'>stilum</span> <span class='ocrx_word' id='word_1_177' title='bbox 701 1533 813 1563; x_wconf 63' lang='lat' dir='ltr'>‚stilum</span> <span class='ocrx_word' id='word_1_178' title='bbox 997 1539 1098 1569; x_wconf 84' lang='lat' dir='ltr'>stilum</span> <span class='ocrx_word' id='word_1_179' title='bbox 1279 1538 1390 1567; x_wconf 85' lang='lat' dir='ltr'>seclum</span> <span class='ocrx_word' id='word_1_180' title='bbox 1567 1535 1684 1564; x_wconf 83' lang='lat' dir='ltr'>saeclum</span> 
     </span>
     <span class='ocr_line' id='line_1_55' title="bbox 304 1583 1652 1618; baseline 0.001 -6"><span class='ocrx_word' id='word_1_181' title='bbox 304 1587 377 1614; x_wconf 80' lang='grc'>1021</span> <span class='ocrx_word' id='word_1_182' title='bbox 428 1583 514 1612; x_wconf 81' lang='lat' dir='ltr'>balbe</span> <span class='ocrx_word' id='word_1_183' title='bbox 713 1583 806 1612; x_wconf 85' lang='lat' dir='ltr'>balbae</span> <span class='ocrx_word' id='word_1_184' title='bbox 999 1588 1094 1618; x_wconf 85' lang='lat' dir='ltr'>balbae</span> <span class='ocrx_word' id='word_1_185' title='bbox 1281 1587 1367 1616; x_wconf 87' lang='lat' dir='ltr'>balbe</span> <span class='ocrx_word' id='word_1_186' title='bbox 1567 1583 1652 1614; x_wconf 82' lang='lat' dir='ltr'>balbe</span> 
     </span>
     <span class='ocr_line' id='line_1_56' title="bbox 305 1633 1783 1669; baseline 0.005 -7"><span class='ocrx_word' id='word_1_187' title='bbox 305 1637 380 1664; x_wconf 82' lang='grc'>1022</span> <span class='ocrx_word' id='word_1_188' title='bbox 429 1633 634 1663; x_wconf 84' lang='lat' dir='ltr'>Imbecilorum</span> <span class='ocrx_word' id='word_1_189' title='bbox 714 1633 929 1664; x_wconf 87' lang='lat' dir='ltr'>Imbecillorum</span> <span class='ocrx_word' id='word_1_190' title='bbox 998 1637 1212 1669; x_wconf 85' lang='lat' dir='ltr'>Imbecillorum</span> <span class='ocrx_word' id='word_1_191' title='bbox 1282 1636 1497 1668; x_wconf 80' lang='lat' dir='ltr'>Imbecillorum</span> <span class='ocrx_word' id='word_1_192' title='bbox 1568 1633 1783 1665; x_wconf 70' lang='lat' dir='ltr'>Imbeciiiomm</span> 
     </span>
     <span class='ocr_line' id='line_1_57' title="bbox 428 1691 1681 1726; baseline 0.003 -16"><span class='ocrx_word' id='word_1_193' title='bbox 428 1691 546 1721; x_wconf 66' lang='lat' dir='ltr'>aequum</span> <span class='ocrx_word' id='word_1_194' title='bbox 712 1693 819 1722; x_wconf 90' lang='lat' dir='ltr'>equum</span> <span class='ocrx_word' id='word_1_195' title='bbox 996 1697 1104 1726; x_wconf 81' lang='lat' dir='ltr'>equum</span> <span class='ocrx_word' id='word_1_196' title='bbox 1282 1694 1400 1724; x_wconf 85' lang='lat' dir='ltr'>aequum</span> <span class='ocrx_word' id='word_1_197' title='bbox 1566 1693 1681 1723; x_wconf 86' lang='lat' dir='ltr'>aequum</span> 
     </span>
     <span class='ocr_line' id='line_1_58' title="bbox 427 1732 1731 1767; baseline 0.003 -5"><span class='ocrx_word' id='word_1_198' title='bbox 427 1732 592 1764; x_wconf 80' lang='lat' dir='ltr'>misererier</span> <span class='ocrx_word' id='word_1_199' title='bbox 711 1733 873 1763; x_wconf 80' lang='lat' dir='ltr'>mistrerier</span> <span class='ocrx_word' id='word_1_200' title='bbox 996 1736 1156 1767; x_wconf 81' lang='lat' dir='ltr'>mistrerier</span> <span class='ocrx_word' id='word_1_201' title='bbox 1281 1735 1447 1766; x_wconf 76' lang='lat' dir='ltr'>misererier</span> <span class='ocrx_word' id='word_1_202' title='bbox 1566 1734 1731 1766; x_wconf 83' lang='lat' dir='ltr'>misererier</span> 
     </span>
     <span class='ocr_line' id='line_1_59' title="bbox 426 1783 1693 1816; baseline 0.003 -4"><span class='ocrx_word' id='word_1_203' title='bbox 426 1783 505 1812; x_wconf 87' lang='lat' dir='ltr'>omni</span> <span class='ocrx_word' id='word_1_204' title='bbox 711 1783 789 1812; x_wconf 88' lang='lat' dir='ltr'>omni</span> <span class='ocrx_word' id='word_1_205' title='bbox 996 1786 1074 1815; x_wconf 91' lang='lat' dir='ltr'>omni</span> <span class='ocrx_word' id='word_1_206' title='bbox 1282 1784 1409 1815; x_wconf 88' lang='lat' dir='ltr'>omnium</span> <span class='ocrx_word' id='word_1_207' title='bbox 1566 1785 1693 1816; x_wconf 88' lang='lat' dir='ltr'>omnium</span> 
     </span>
     <span class='ocr_line' id='line_1_60' title="bbox 304 1832 1640 1867; baseline 0.002 -5"><span class='ocrx_word' id='word_1_208' title='bbox 304 1840 379 1867; x_wconf 72' lang='lat'>1023</span> <span class='ocrx_word' id='word_1_209' title='bbox 428 1832 499 1863; x_wconf 87' lang='lat' dir='ltr'>Non</span> <span class='ocrx_word' id='word_1_210' title='bbox 713 1832 784 1862; x_wconf 90' lang='lat' dir='ltr'>Non</span> <span class='ocrx_word' id='word_1_211' title='bbox 999 1835 1069 1865; x_wconf 90' lang='lat' dir='ltr'>Non</span> <span class='ocrx_word' id='word_1_212' title='bbox 1286 1833 1353 1864; x_wconf 89' lang='lat' dir='ltr'>Nec</span> <span class='ocrx_word' id='word_1_213' title='bbox 1570 1835 1640 1865; x_wconf 90' lang='lat' dir='ltr'>Non</span> 
     </span>
     <span class='ocr_line' id='line_1_61' title="bbox 426 1882 1740 1918; baseline 0.005 -6"><span class='ocrx_word' id='word_1_214' title='bbox 426 1882 599 1913; x_wconf 89' lang='lat' dir='ltr'>omnimodis</span> <span class='ocrx_word' id='word_1_215' title='bbox 711 1883 791 1913; x_wconf 88' lang='lat' dir='ltr'>omni</span> <span class='ocrx_word' id='word_1_216' title='bbox 803 1884 897 1915; x_wconf 87' lang='lat' dir='ltr'>modis</span> <span class='ocrx_word' id='word_1_217' title='bbox 996 1886 1075 1916; x_wconf 90' lang='lat' dir='ltr'>omni</span> <span class='ocrx_word' id='word_1_218' title='bbox 1090 1888 1184 1918; x_wconf 84' lang='lat' dir='ltr'>modis</span> <span class='ocrx_word' id='word_1_219' title='bbox 1283 1885 1455 1916; x_wconf 77' lang='lat' dir='ltr'>omnimodis</span> <span class='ocrx_word' id='word_1_220' title='bbox 1567 1886 1740 1917; x_wconf 81' lang='lat' dir='ltr'>omnimodis</span> 
     </span>
     <span class='ocr_line' id='line_1_62' title="bbox 303 1934 1632 1967; baseline -0.001 -1"><span class='ocrx_word' id='word_1_221' title='bbox 303 1939 378 1967; x_wconf 84' lang='grc'>1025</span> <span class='ocrx_word' id='word_1_222' title='bbox 427 1934 491 1962; x_wconf 84' lang='lat' dir='ltr'>Aut</span> <span class='ocrx_word' id='word_1_223' title='bbox 712 1935 777 1963; x_wconf 85' lang='lat' dir='ltr'>Aut</span> <span class='ocrx_word' id='word_1_224' title='bbox 997 1938 1063 1967; x_wconf 87' lang='lat' dir='ltr'>Aut</span> <span class='ocrx_word' id='word_1_225' title='bbox 1283 1935 1326 1964; x_wconf 85' lang='lat' dir='ltr'>At</span> <span class='ocrx_word' id='word_1_226' title='bbox 1568 1936 1632 1965; x_wconf 85' lang='lat' dir='ltr'>Aut</span> 
     </span>
     <span class='ocr_line' id='line_1_63' title="bbox 392 1984 1662 2026; baseline 0.002 -13"><span class='ocrx_word' id='word_1_227' title='bbox 392 1984 395 1985; x_wconf 47' lang='lat'><em>⁷</em></span> <span class='ocrx_word' id='word_1_228' title='bbox 426 1994 520 2024; x_wconf 87' lang='lat' dir='ltr'>genus</span> <span class='ocrx_word' id='word_1_229' title='bbox 711 1994 825 2023; x_wconf 84' lang='lat' dir='ltr'>genuus</span> <span class='ocrx_word' id='word_1_230' title='bbox 996 1996 1110 2026; x_wconf 81' lang='lat' dir='ltr'>genuus</span> <span class='ocrx_word' id='word_1_231' title='bbox 1281 1994 1376 2023; x_wconf 79' lang='lat' dir='ltr'>genus</span> <span class='ocrx_word' id='word_1_232' title='bbox 1567 1996 1662 2025; x_wconf 84' lang='lat' dir='ltr'>genus</span> 
     </span>
     <span class='ocr_line' id='line_1_64' title="bbox 427 2036 1731 2076; baseline 0.003 -15"><span class='ocrx_word' id='word_1_233' title='bbox 427 2036 609 2072; x_wconf 88' lang='lat' dir='ltr'>peremptum</span> <span class='ocrx_word' id='word_1_234' title='bbox 711 2038 893 2074; x_wconf 87' lang='lat' dir='ltr'>peremptum</span> <span class='ocrx_word' id='word_1_235' title='bbox 996 2040 1177 2076; x_wconf 72' lang='lat' dir='ltr'>peremptum</span> <span class='ocrx_word' id='word_1_236' title='bbox 1280 2039 1463 2075; x_wconf 86' lang='lat' dir='ltr'>peremptum</span> <span class='ocrx_word' id='word_1_237' title='bbox 1567 2041 1731 2075; x_wconf 85' lang='lat' dir='ltr'>peremtum</span> 
     </span>
     <span class='ocr_line' id='line_1_65' title="bbox 303 2082 1654 2115; baseline 0.001 -1"><span class='ocrx_word' id='word_1_238' title='bbox 303 2086 379 2115; x_wconf 87' lang='grc'>1026</span> <span class='ocrx_word' id='word_1_239' title='bbox 427 2082 515 2112; x_wconf 80' lang='lat' dir='ltr'>saecla</span> <span class='ocrx_word' id='word_1_240' title='bbox 711 2082 792 2112; x_wconf 84' lang='lat' dir='ltr'>secla</span> <span class='ocrx_word' id='word_1_241' title='bbox 996 2084 1077 2115; x_wconf 80' lang='lat' dir='ltr'>secla</span> <span class='ocrx_word' id='word_1_242' title='bbox 1281 2083 1364 2113; x_wconf 72' lang='lat' dir='ltr'>secla</span> <span class='ocrx_word' id='word_1_243' title='bbox 1567 2085 1654 2115; x_wconf 83' lang='lat' dir='ltr'>saecla</span> 
     </span>
     <span class='ocr_line' id='line_1_66' title="bbox 304 2137 1633 2176; baseline 0.001 -12"><span class='ocrx_word' id='word_1_244' title='bbox 304 2137 376 2164; x_wconf 81' lang='grc'>1031</span> <span class='ocrx_word' id='word_1_245' title='bbox 426 2143 495 2173; x_wconf 83' lang='lat' dir='ltr'>quae</span> <span class='ocrx_word' id='word_1_246' title='bbox 712 2143 769 2172; x_wconf 88' lang='lat' dir='ltr'>que</span> <span class='ocrx_word' id='word_1_247' title='bbox 996 2145 1062 2173; x_wconf 76' lang='lat' dir='ltr'>quae</span> <span class='ocrx_word' id='word_1_248' title='bbox 1283 2146 1348 2175; x_wconf 82' lang='lat' dir='ltr'>quae</span> <span class='ocrx_word' id='word_1_249' title='bbox 1567 2147 1633 2176; x_wconf 84' lang='lat' dir='ltr'>quae</span> 
     </span>
     <span class='ocr_line' id='line_1_67' title="bbox 427 2182 1727 2225; baseline 0.002 -13"><span class='ocrx_word' id='word_1_250' title='bbox 427 2184 578 2223; x_wconf 84' lang='lat' dir='ltr'>presentia</span> <span class='ocrx_word' id='word_1_251' title='bbox 712 2182 863 2223; x_wconf 85' lang='lat' dir='ltr'>presentia</span> <span class='ocrx_word' id='word_1_252' title='bbox 997 2184 1155 2223; x_wconf 83' lang='lat' dir='ltr'>praesentia</span> <span class='ocrx_word' id='word_1_253' title='bbox 1282 2185 1443 2225; x_wconf 72' lang='lat' dir='ltr'>praesentia</span> <span class='ocrx_word' id='word_1_254' title='bbox 1570 2186 1727 2225; x_wconf 63' lang='lat' dir='ltr'>praesentia</span> 
     </span>
     <span class='ocr_line' id='line_1_68' title="bbox 426 2236 1732 2266; baseline 0.002 -3"><span class='ocrx_word' id='word_1_255' title='bbox 426 2238 570 2264; x_wconf 86' lang='lat' dir='ltr'>monstret</span> <span class='ocrx_word' id='word_1_256' title='bbox 711 2236 855 2261; x_wconf 85' lang='lat' dir='ltr'>monstret</span> <span class='ocrx_word' id='word_1_257' title='bbox 997 2239 1141 2265; x_wconf 85' lang='lat' dir='ltr'>monstret</span> <span class='ocrx_word' id='word_1_258' title='bbox 1283 2238 1428 2264; x_wconf 86' lang='lat' dir='ltr'>monstret</span> <span class='ocrx_word' id='word_1_259' title='bbox 1568 2240 1732 2266; x_wconf 82' lang='lat' dir='ltr'>monstrent</span> 
     </span>
     <span class='ocr_line' id='line_1_69' title="bbox 303 2281 1654 2325; baseline 0.001 -11"><span class='ocrx_word' id='word_1_260' title='bbox 303 2289 378 2316; x_wconf 73' lang='lat'>1032</span> <span class='ocrx_word' id='word_1_261' title='bbox 427 2285 504 2324; x_wconf 85' lang='lat' dir='ltr'>quod</span> <span class='ocrx_word' id='word_1_262' title='bbox 711 2281 789 2320; x_wconf 82' lang='lat' dir='ltr'>quod</span> <span class='ocrx_word' id='word_1_263' title='bbox 996 2284 1074 2324; x_wconf 88' lang='lat' dir='ltr'>quod</span> <span class='ocrx_word' id='word_1_264' title='bbox 1283 2295 1370 2324; x_wconf 86' lang='lat' dir='ltr'>quam</span> <span class='ocrx_word' id='word_1_265' title='bbox 1567 2296 1654 2325; x_wconf 83' lang='lat' dir='ltr'>quam</span> 
     </span>
     <span class='ocr_line' id='line_1_70' title="bbox 426 2330 1650 2364; baseline 0.001 -1"><span class='ocrx_word' id='word_1_266' title='bbox 426 2334 509 2363; x_wconf 81' lang='lat' dir='ltr'>abuti</span> <span class='ocrx_word' id='word_1_267' title='bbox 711 2331 749 2360; x_wconf 83' lang='lat' dir='ltr'>ab</span> <span class='ocrx_word' id='word_1_268' title='bbox 763 2330 808 2361; x_wconf 79' lang='lat' dir='ltr'>uti</span> <span class='ocrx_word' id='word_1_269' title='bbox 997 2334 1034 2364; x_wconf 87' lang='lat' dir='ltr'>ab</span> <span class='ocrx_word' id='word_1_270' title='bbox 1049 2334 1092 2364; x_wconf 87' lang='lat' dir='ltr'>uti</span> <span class='ocrx_word' id='word_1_271' title='bbox 1282 2335 1365 2364; x_wconf 82' lang='lat' dir='ltr'>abuti</span> <span class='ocrx_word' id='word_1_272' title='bbox 1567 2335 1650 2364; x_wconf 88' lang='lat' dir='ltr'>abuti</span> 
     </span>
     <span class='ocr_line' id='line_1_71' title="bbox 303 2384 1648 2423; baseline -0.001 -9"><span class='ocrx_word' id='word_1_273' title='bbox 303 2388 378 2415; x_wconf 82' lang='lat'>1033</span> <span class='ocrx_word' id='word_1_274' title='bbox 425 2394 491 2423; x_wconf 79' lang='lat' dir='ltr'>quae</span> <span class='ocrx_word' id='word_1_275' title='bbox 711 2391 768 2420; x_wconf 84' lang='lat' dir='ltr'>que</span> <span class='ocrx_word' id='word_1_276' title='bbox 996 2393 1065 2422; x_wconf 87' lang='lat' dir='ltr'>quae</span> <span class='ocrx_word' id='word_1_277' title='bbox 1282 2384 1362 2413; x_wconf 75' lang='lat' dir='ltr'>deest</span> <span class='ocrx_word' id='word_1_278' title='bbox 1568 2384 1648 2414; x_wconf 71' lang='lat' dir='ltr'>deest</span> 
     </span>
     <span class='ocr_line' id='line_1_72' title="bbox 425 2433 1655 2475; baseline 0.002 -13"><span class='ocrx_word' id='word_1_279' title='bbox 425 2433 506 2463; x_wconf 75' lang='lat' dir='ltr'>deest</span> <span class='ocrx_word' id='word_1_280' title='bbox 711 2440 800 2470; x_wconf 88' lang='lat' dir='ltr'>quam</span> <span class='ocrx_word' id='word_1_281' title='bbox 996 2443 1083 2472; x_wconf 84' lang='lat' dir='ltr'>quam</span> <span class='ocrx_word' id='word_1_282' title='bbox 1283 2445 1370 2475; x_wconf 87' lang='lat' dir='ltr'>quam</span> <span class='ocrx_word' id='word_1_283' title='bbox 1568 2445 1655 2473; x_wconf 85' lang='lat' dir='ltr'>quam</span> 
     </span>
     <span class='ocr_line' id='line_1_73' title="bbox 425 2485 1687 2514; baseline 0.002 -3"><span class='ocrx_word' id='word_1_284' title='bbox 425 2486 528 2512; x_wconf 83' lang='lat' dir='ltr'>extent</span> <span class='ocrx_word' id='word_1_285' title='bbox 711 2485 815 2511; x_wconf 82' lang='lat' dir='ltr'>extent</span> <span class='ocrx_word' id='word_1_286' title='bbox 996 2486 1102 2513; x_wconf 80' lang='lat' dir='ltr'>extent</span> <span class='ocrx_word' id='word_1_287' title='bbox 1280 2489 1384 2514; x_wconf 82' lang='lat' dir='ltr'>extent</span> <span class='ocrx_word' id='word_1_288' title='bbox 1568 2488 1687 2514; x_wconf 81' lang='lat' dir='ltr'>exstent</span> 
     </span>
     <span class='ocr_line' id='line_1_74' title="bbox 303 2530 1699 2565; baseline 0.002 -3"><span class='ocrx_word' id='word_1_289' title='bbox 303 2537 377 2564; x_wconf 71' lang='lat'>1034</span> <span class='ocrx_word' id='word_1_290' title='bbox 425 2531 572 2562; x_wconf 79' lang='lat' dir='ltr'>iul&#39;enstus</span> <span class='ocrx_word' id='word_1_291' title='bbox 711 2530 839 2562; x_wconf 84' lang='lat' dir='ltr'>infessus</span> <span class='ocrx_word' id='word_1_292' title='bbox 996 2532 1124 2564; x_wconf 82' lang='lat' dir='ltr'>infessus</span> <span class='ocrx_word' id='word_1_293' title='bbox 1281 2533 1412 2564; x_wconf 84' lang='lat' dir='ltr'>infensus</span> <span class='ocrx_word' id='word_1_294' title='bbox 1567 2535 1699 2565; x_wconf 81' lang='lat' dir='ltr'>infensus</span> 
     </span>
     <span class='ocr_line' id='line_1_75' title="bbox 425 2582 1686 2625; baseline 0.003 -14"><span class='ocrx_word' id='word_1_295' title='bbox 425 2582 544 2622; x_wconf 87' lang='lat' dir='ltr'>inurget</span> <span class='ocrx_word' id='word_1_296' title='bbox 710 2582 741 2611; x_wconf 90' lang='lat' dir='ltr'>in</span> <span class='ocrx_word' id='word_1_297' title='bbox 754 2587 842 2622; x_wconf 81' lang='lat' dir='ltr'>urget</span> <span class='ocrx_word' id='word_1_298' title='bbox 996 2583 1024 2612; x_wconf 90' lang='lat' dir='ltr'>in</span> <span class='ocrx_word' id='word_1_299' title='bbox 1039 2588 1126 2624; x_wconf 83' lang='lat' dir='ltr'>urget</span> <span class='ocrx_word' id='word_1_300' title='bbox 1281 2583 1400 2623; x_wconf 86' lang='lat' dir='ltr'>inurget</span> <span class='ocrx_word' id='word_1_301' title='bbox 1568 2586 1686 2625; x_wconf 85' lang='lat' dir='ltr'>inurget</span> 
     </span>
     <span class='ocr_line' id='line_1_76' title="bbox 303 2631 1736 2674; baseline 0.002 -13"><span class='ocrx_word' id='word_1_302' title='bbox 303 2636 376 2662; x_wconf 85' lang='lat'>1035</span> <span class='ocrx_word' id='word_1_303' title='bbox 426 2631 577 2671; x_wconf 86' lang='lat' dir='ltr'>scymique</span> <span class='ocrx_word' id='word_1_304' title='bbox 710 2632 882 2671; x_wconf 78' lang='lat' dir='ltr'>scyninique</span> <span class='ocrx_word' id='word_1_305' title='bbox 995 2633 1167 2674; x_wconf 75' lang='lat' dir='ltr'>scyninique</span> <span class='ocrx_word' id='word_1_306' title='bbox 1280 2633 1450 2674; x_wconf 70' lang='lat' dir='ltr'>scymnique</span> <span class='ocrx_word' id='word_1_307' title='bbox 1566 2634 1736 2674; x_wconf 77' lang='lat' dir='ltr'>scymnique</span> 
     </span>
     <span class='ocr_line' id='line_1_77' title="bbox 302 2681 1701 2724; baseline 0.004 -13"><span class='ocrx_word' id='word_1_308' title='bbox 302 2686 377 2715; x_wconf 77' lang='lat'>1037</span> <span class='ocrx_word' id='word_1_309' title='bbox 427 2681 489 2711; x_wconf 89' lang='lat' dir='ltr'>Vix</span> <span class='ocrx_word' id='word_1_310' title='bbox 501 2682 566 2722; x_wconf 79' lang='lat' dir='ltr'>jam</span> <span class='ocrx_word' id='word_1_311' title='bbox 712 2681 775 2711; x_wconf 80' lang='lat' dir='ltr'>Vix</span> <span class='ocrx_word' id='word_1_312' title='bbox 785 2682 850 2722; x_wconf 85' lang='lat' dir='ltr'>jam</span> <span class='ocrx_word' id='word_1_313' title='bbox 996 2682 1058 2712; x_wconf 84' lang='lat' dir='ltr'>Vix</span> <span class='ocrx_word' id='word_1_314' title='bbox 1072 2684 1135 2724; x_wconf 89' lang='lat' dir='ltr'>jam</span> <span class='ocrx_word' id='word_1_315' title='bbox 1282 2683 1331 2713; x_wconf 67' lang='lat' dir='ltr'>vix</span> <span class='ocrx_word' id='word_1_316' title='bbox 1341 2684 1405 2724; x_wconf 81' lang='lat' dir='ltr'>jam</span> <span class='ocrx_word' id='word_1_317' title='bbox 1568 2686 1701 2716; x_wconf 85' lang='lat' dir='ltr'>Vixdum</span> 
     </span>
     <span class='ocr_line' id='line_1_78' title="bbox 426 2735 1632 2772; baseline 0.004 -12"><span class='ocrx_word' id='word_1_318' title='bbox 426 2742 490 2761; x_wconf 87' lang='lat' dir='ltr'>cum</span> <span class='ocrx_word' id='word_1_319' title='bbox 711 2742 780 2771; x_wconf 92' lang='lat' dir='ltr'>qum</span> <span class='ocrx_word' id='word_1_320' title='bbox 995 2743 1063 2772; x_wconf 90' lang='lat' dir='ltr'>qum</span> <span class='ocrx_word' id='word_1_321' title='bbox 1281 2735 1370 2764; x_wconf 84' lang='lat' dir='ltr'>etiam</span> <span class='ocrx_word' id='word_1_322' title='bbox 1381 2745 1446 2764; x_wconf 87' lang='lat' dir='ltr'>cum</span> <span class='ocrx_word' id='word_1_323' title='bbox 1567 2746 1632 2765; x_wconf 90' lang='lat' dir='ltr'>cum</span> 
     </span>
     <span class='ocr_line' id='line_1_79' title="bbox 427 2780 1640 2826; baseline 0.005 -17"><span class='ocrx_word' id='word_1_324' title='bbox 427 2780 500 2819; x_wconf 83' lang='lat' dir='ltr'>ipsis</span> <span class='ocrx_word' id='word_1_325' title='bbox 711 2780 792 2809; x_wconf 68' lang='lat' dir='ltr'>deest</span> <span class='ocrx_word' id='word_1_326' title='bbox 995 2782 1075 2813; x_wconf 75' lang='lat' dir='ltr'>deest</span> <span class='ocrx_word' id='word_1_327' title='bbox 1282 2784 1363 2815; x_wconf 67' lang='lat' dir='ltr'>deest</span> <span class='ocrx_word' id='word_1_328' title='bbox 1568 2785 1640 2826; x_wconf 74' lang='lat' dir='ltr'>ipsis</span> 
     </span>
     <span class='ocr_line' id='line_1_80' title="bbox 303 2833 1648 2873; baseline 0.004 -14"><span class='ocrx_word' id='word_1_329' title='bbox 303 2833 377 2860; x_wconf 85' lang='lat'>1038</span> <span class='ocrx_word' id='word_1_330' title='bbox 426 2838 479 2868; x_wconf 87' lang='lat' dir='ltr'>pro</span> <span class='ocrx_word' id='word_1_331' title='bbox 711 2841 764 2870; x_wconf 89' lang='lat' dir='ltr'>pro</span> <span class='ocrx_word' id='word_1_332' title='bbox 996 2844 1050 2873; x_wconf 89' lang='lat' dir='ltr'>pro</span> <span class='ocrx_word' id='word_1_333' title='bbox 1282 2835 1361 2865; x_wconf 77' lang='lat' dir='ltr'>deest</span> <span class='ocrx_word' id='word_1_334' title='bbox 1567 2835 1648 2865; x_wconf 64' lang='lat' dir='ltr'>deest</span> 
     </span>
     <span class='ocr_line' id='line_1_81' title="bbox 302 2878 1746 2926; baseline 0.008 -20"><span class='ocrx_word' id='word_1_335' title='bbox 302 2883 377 2910; x_wconf 81' lang='lat'>1042</span> <span class='ocrx_word' id='word_1_336' title='bbox 427 2878 565 2918; x_wconf 83' lang='lat' dir='ltr'>Desuper</span> <span class='ocrx_word' id='word_1_337' title='bbox 577 2884 624 2909; x_wconf 86' lang='lat' dir='ltr'>est</span> <span class='ocrx_word' id='word_1_338' title='bbox 713 2880 849 2921; x_wconf 88' lang='lat' dir='ltr'>Desuper</span> <span class='ocrx_word' id='word_1_339' title='bbox 855 2885 910 2911; x_wconf 62' lang='lat' dir='ltr'>est</span> <span class='ocrx_word' id='word_1_340' title='bbox 997 2883 1135 2925; x_wconf 86' lang='lat' dir='ltr'>Desuper</span> <span class='ocrx_word' id='word_1_341' title='bbox 1148 2887 1195 2914; x_wconf 88' lang='lat' dir='ltr'>est</span> <span class='ocrx_word' id='word_1_342' title='bbox 1281 2885 1414 2926; x_wconf 86' lang='lat' dir='ltr'>desipere</span> <span class='ocrx_word' id='word_1_343' title='bbox 1431 2891 1479 2916; x_wconf 85' lang='lat' dir='ltr'>est</span> <span class='ocrx_word' id='word_1_344' title='bbox 1570 2885 1746 2926; x_wconf 87' lang='lat' dir='ltr'>Desiperest</span> 
     </span>
     <span class='ocr_line' id='line_1_82' title="bbox 425 2928 1668 2976; baseline 0.006 -18"><span class='ocrx_word' id='word_1_345' title='bbox 425 2928 521 2969; x_wconf 78' lang='lat' dir='ltr'>possit</span> <span class='ocrx_word' id='word_1_346' title='bbox 711 2936 812 2970; x_wconf 89' lang='lat' dir='ltr'>posset</span> <span class='ocrx_word' id='word_1_347' title='bbox 995 2938 1099 2973; x_wconf 85' lang='lat' dir='ltr'>posset</span> <span class='ocrx_word' id='word_1_348' title='bbox 1282 2940 1383 2975; x_wconf 86' lang='lat' dir='ltr'>posset</span> <span class='ocrx_word' id='word_1_349' title='bbox 1568 2939 1668 2976; x_wconf 86' lang='lat' dir='ltr'>posset</span> 
     </span>
    </p>
   </div>
   <div class='ocr_carea' id='block_1_12' title="bbox 1819 2946 1839 2992">
    <p class='ocr_par' dir='ltr' id='par_1_12' title="bbox 1819 2946 1839 2992">
     <span class='ocr_line' id='line_1_83' title="bbox 1819 2946 1839 2992; baseline 0 322"><span class='ocrx_word' id='word_1_350' title='bbox 1819 2946 1839 2992; x_wconf 95' lang='lat' dir='ltr'> </span> 
     </span>
    </p>
   </div>
  </div>
 </body>
</html>
