1967 3314
579 240 796 290 LIBRI
848 242 1166 299 QUARTI.
1550 250 1643 297 297

503 422 626 444 PAULUS
638 424 773 445 FRIDEN-
795 422 991 444 THEODORUS
1005 424 1046 443 DE
1389 401 1428 420 Ex
1438 402 1601 423 TYPOGRA-
1637 378 1645 418 Ι

805 477 1040 498 RAGAzomBUS.

251 450 427 474 FERRANDU
432 452 455 472 S·
1154 454 1268 475 ALDUS.
1357 454 1435 474 PHIA
1450 454 1630 478 soclETA‘rls

568 478 706 499 PERGER.

1398 507 1593 529 BIPONHNAE.

283 575 411 606 Brixiae.
854 580 992 610 Venetiis.
1139 575 1278 608 Venetiis.
1426 575 1559 616 Bipontz'.

574 584 702 612 Veronoe.

137 626 178 655 V.

245 669 319 700 Sine
331 670 361 699 A
365 679 431 700 nno,
595 670 679 699 1486.
881 674 894 698 1
899 673 964 702 495,
1167 671 1181 695 1
1186 671 1252 697 500.
1454 669 1468 694 1
1473 669 1538 698 782.

211 728 1627 738 ———————————-———

231 758 368 788 aethereis
514 759 632 788 aetheris
800 758 921 788 aetheris
1088 757 1222 787 aetheriis
1372 753 1502 783 aetheriis

230 808 418 849 dispepersus
514 807 666 848 dispersus
798 807 950 848 dispersus
1086 805 1238 846 dispersus
1370 802 1521 842 dispersus

231 858 329 888 tenuis
513 858 612 888 tenuis
798 858 896 887 tenuis
1086 857 1201 886 tenueis
1369 854 1485 883 tenueis

231 918 317 938 aures
515 918 601 938 aures
799 917 885 936 aures
1369 902 1467 932 aureis

231 958 415 997 animumque
515 958 699 998 animamque
1371 951 1557 992 animumque

231 1019 297 1047 quae
516 1019 573 1048 que
1369 1010 1437 1039 (1¹1ae

231 1062 368 1097 retroque
517 1062 653 1097 retorque
1368 1055 1506 1090 retroque

232 1108 316 1138 Vera
340 1119 373 1138 re
399 1108 463 1148 pul·
517 1107 632 1137 Verare
640 1107 769 1147 pulsanti
1369 1101 1453 1132 Vera
1460 1102 1623 1143 repulsanti

262 1157 341 1187 santi

230 1207 385 1237 discedans

231 1257 373 1286 Tutemet

1087 908 1183 936 aureis

799 957 984 998 animamque

799 1017 857 1046 que

800 1061 936 1098 retorque

801 1107 916 1138 Verare
926 1109 1055 1149 pulsanti

1085 957 1270 997 animumque

1085 1017 1153 1046 quae

1084 1061 1220 1096 retroque

1086 1106 1170 1136 Vera
1178 1107 1340 1147 repulsanti

1367 1203 1503 1234 discedas

1369 1253 1513 1283 Tutemet

1366 1312 1453 1340 quom

1367 1362 1404 1380 ne

1084 1205 1220 1237 discedas

1087 1260 1119 1285 tu
1133 1256 1217 1286 timet

1085 1316 1151 1334 cum

1084 1365 1120 1383 ne

801 1208 938 1239 discedas

801 1257 849 1287 Tu
866 1258 951 1289 timet

799 1319 865 1338 cum

799 1367 835 1385 ne

797 1406 867 1436 dum

798 1466 867 1495 qum

797 1516 866 1545 qum

799 1556 992 1595 putandumst

797 1605 858 1634 laeti

796 1658 878 1684 tacto

798 1705 914 1735 flamma

798 1755 854 1784 hoc

797 1805 939 1835 conflatur

799 1853 947 1894 Principio

795 1907 908 1934 aeterna

795 1963 947 1984 necessum
963 1960 1010 1985 est

796 2002 958 2042 Propterea
973 2016 1031 2044 quo

793 2052 857 2081 fore

792 2101 881 2131 etiam

792 2152 931 2182 conclusa

793 2206 826 2230 ut
839 2202 920 2242 gallo

793 2255 882 2281 tactae

793 2312 862 2340 qum

792 2350 911 2380 ducitur

793 2410 863 2439 qum

793 2459 861 2488 qum

793 2499 881 2538 plage

792 2548 887 2588 partis

793 2598 870 2627 sicut

794 2646 938 2677 Eliciatur

790 2695 890 2726 caedat

791 2745 888 2783 querit

790 2805 885 2834 neque

791 2844 899 2873 mittua

515 1207 650 1236 discedas

516 1257 564 1286 Tu
575 1257 661 1286 timet

514 1316 583 1344 qum

515 1365 551 1384 ne

1365 1406 1429 1430 tum

1365 1451 1435 1490 quin

1366 1511 1432 1531 cum

1364 1551 1569 1590 putandum'st

1364 1600 1439 1629 lethi

1363 1660 1441 1679 caeco

1363 1701 1481 1730 flamma

1362 1751 1426 1780 haec

1362 1801 1505 1830 confletur

1366 1850 1516 1891 Principio

1361 1906 1486 1930 externa

1083 1408 1145 1433 tum

1084 1455 1153 1493 quin

1082 1515 1147 1533 cum

1081 1554 1275 1593 putandumst

1082 1603 1134 1632 leti

1082 1657 1162 1682 tecto

1082 1703 1198 1733 flamma

1083 1753 1149 1782 haec

1080 1802 1223 1831 conflatur

1083 1850 1233 1890 Principio

1080 1904 1204 1929 externa

1081 1954 1265 1981 necessumst

1084 2001 1303 2041 proptereaque

1078 2050 1140 2079 fere

513 1406 582 1435 dnm

512 1455 584 1494 quin

512 1516 581 1545 qum

511 1556 703 1596 putandumst

512 1605 577 1635 laeti

511 1659 593 1685 tacto

230 1555 392 1595 putandum
404 1558 452 1584 est

228 1604 282 1634 leti

229 1658 311 1684 tacto

228 1704 316 1734 flama

228 1754 292 1784 haec

228 1803 371 1834 conflatur

230 1853 379 1893 Principio

227 1907 353 1932 externa

227 1962 379 1982 necessum
396 1956 444 1982 est

511 1803 655 1833 conflatur

512 1853 652 1893 Principe

510 1908 621 1933 aeterna

511 1963 664 1982 necessum
677 1956 724 1982 est

511 2002 674 2042 Propterea
686 2011 744 2041 quo

509 2053 572 2082 fore

509 2102 599 2132 etiam

509 2151 649 2181 conclusa

509 2207 542 2232 ut
556 2202 637 2243 gallo

507 2257 597 2282 tactae

507 2312 577 2341 qum

507 2352 626 2382 ducitur

508 2411 578 2440 qum

508 2459 578 2489 qum

508 2499 596 2539 plage

508 2547 602 2588 partis

509 2599 587 2628 sicut

510 2646 656 2676 Eliciatur

508 2696 596 2726 cedat

508 2745 606 2785 querit

508 2806 602 2835 neque

506 2845 614 2875 mittua

506 2906 585 2935 saepe
597 2899 629 2926 et
640 2898 742 2925 coctus
791 2903 874 2933 saepe
887 2895 919 2922 et
931 2895 1033 2923 coctus

507 2949 614 2976 natura
790 2947 896 2974 natura

229 2996 315 3027 VoL.
333 2996 393 3027 IV.
793 2993 822 3024 P
835 3004 857 3033 p

1363 1949 1557 1979 necessum'st

1365 2001 1586 2041 proptereaque

1361 2051 1422 2080 fere

1360 2104 1428 2129 seta

1359 2153 1413 2178 aut
1425 2149 1545 2179 conchis

1359 2202 1411 2227 aut
1424 2198 1500 2228 callo

1359 2253 1450 2279 tectae

1359 2310 1425 2329 cum

1358 2350 1476 2379 ducitur

1359 2409 1446 2438 quom

1358 2459 1445 2488 quom

1357 2500 1454 2540 Plagae

1358 2548 1470 2588 parteis

1356 2597 1412 2632 sic,
1427 2602 1461 2627 ut

1078 2100 1168 2130 etiam

1076 2151 1222 2180 conclusae

1078 2205 1110 2230 ut
1121 2200 1198 2230 callo

1077 2255 1165 2280 tectae

1077 2310 1142 2328 cum

1076 2349 1194 2378 ducitur

1078 2409 1144 2428 cum

1077 2458 1143 2476 cum

1075 2497 1171 2551 plage

1076 2550 1187 2585 parteis

1076 2595 1132 2629 sic,
1147 2599 1181 2624 ut

1073 2644 1208 2674 eliciatur
1358 2646 1502 2686 Ejiciatur

1074 2696 1170 2725 caedat
1355 2695 1443 2725 cedat

1073 2749 1162 2785 queat
1354 2748 1445 2784 queat

224 2153 364 2182 conclusa

224 2207 259 2232 ut
271 2203 352 2243 gallo

224 2256 312 2282 tectae

225 2312 291 2331 cum

225 2351 333 2381 dicitur

226 2412 292 2431 cum

225 2462 291 2480 cum

225 2501 313 2540 plage

226 2550 321 2590 partis

225 2600 314 2629 sicuti

226 2648 373 2677 Eliciatur

224 2698 312 2728 cedat

224 2751 315 2786 queat

223 2806 319 2835 neque

223 2849 325 2876 mutua

222 2905 300 2935 saepe
312 2899 344 2926 et
357 2899 440 2926 cetus

1073 2807 1169 2836 neque
1355 2804 1410 2823 nec

1071 2850 1175 2876 mutua
1353 2847 1457 2873 mutua

1072 2896 1151 2936 sepit
1163 2899 1195 2927 et
1207 2899 1300 2926 coetus
1353 2893 1432 2933 sepit
1446 2893 1545 2924 aditus

1071 2945 1151 2977 deest
1354 2941 1434 2973 deest
