1967 3314
323 226 420 265 240

616 217 1073 270 VARIANTES
1114 220 1550 270 LECTIONES

461 432 662 455 FERBANDUS.

495 560 622 591 Brixiae.

470 649 542 679 Sine
555 651 585 679 A
589 661 653 681 nno.

447 739 527 769 calor

447 789 567 819 summit

449 839 522 869 Cum

448 887 578 919 fruescet

448 939 546 968 aerius

449 988 516 1021 Qua

447 1037 527 1066 deest

447 1098 619 1128 quocunque

446 1137 481 1167 fit
495 1138 547 1177 qui

445 1187 587 1227 vultuque

446 1237 534 1267 calidi

446 1297 516 1316 aera

444 1346 527 1366 mens

445 1385 612 1417 effervescit

446 1436 615 1476 plerumque

446 1486 521 1520 Quae

447 1535 584 1565 membris

446 1585 576 1615 existere

447 1634 542 1664 minus

448 1694 595 1723 nunquam

446 1734 541 1773 percit

451 1784 590 1816 Fumidas

447 1835 600 1866 effundens

447 1895 523 1914 caece

448 1933 554 1973 gelidis

448 1983 565 2022 vaporis
599 1997 603 2003 ‘

450 2031 533 2061 Inter

448 2086 589 2121 utrasque

448 2132 508 2162 sita
520 2138 568 2162 est

450 2192 602 2221 saevosque

448 2230 584 2261 dorctina

450 2279 570 2310 Natura

447 2330 537 2360 animi

447 2381 608 2420 putandum
622 2386 669 2412 est

447 2430 574 2465 Quando

447 2480 524 2509 acris

446 2533 578 2560 tentetur

447 2580 583 2618 quaedam

446 2639 531 2669 aequo

447 2690 568 2711 necesse
580 2686 628 2712 est

446 2739 587 2769 sequaces

446 2790 559 2818 nequeo

443 2829 510 2858 haec

443 2877 530 2908 video

708 402 833 422 PAULUS
845 403 979 424 FalnEN·
1004 402 1196 424 THEODORUS
1209 403 1250 422 DE

779 455 914 477 PERGER.

785 559 813 588 V
810 570 915 593 eronoe.

806 652 887 682 1486.

729 738 808 768 color

729 789 819 818 sumit

730 839 807 872 Qum

728 887 875 918 fervescet

730 936 830 966 accius

730 1098 846 1127 quoque

729 1137 763 1167 fit
776 1138 828 1177 qui

730 1188 872 1228 vultuque

729 1238 825 1268 caelidi

729 1289 810 1319 aeria

727 1337 807 1367 deest

728 1389 894 1419 effervescit

728 1438 888 1478 plerunque

728 1488 794 1522 Que

729 1540 851 1569 membri

729 1588 858 1617 existere

729 1637 826 1666 minus

729 1697 879 1727 nunquam

729 1736 826 1776 parcit

732 1786 873 1816 Fumidas

730 1836 883 1866 effundens

730 1896 815 1914 coecae

731 1934 837 1975 gelidis

730 1986 848 2024 voporis

733 2035 819 2065 Incer

730 2090 870 2124 utrasque

731 2134 806 2164 sitas

731 2195 876 2226 sevosque

730 2235 865 2265 doctrina

733 2284 852 2314 Natura

731 2335 820 2364 animi

730 2385 922 2425 putandumst

729 2434 857 2468 Quando

728 2483 805 2513 acris

728 2538 847 2564 tenetur

728 2582 854 2622 quedam

727 2644 804 2673 equo

727 2693 848 2713 necesse
860 2688 908 2714 est

727 2743 870 2773 sequaces

726 2794 848 2824 nequaeo

1009 455 1241 477 RAGAzoNuws.

1064 558 1200 588 Venetiis

1013 890 1152 921 fervescit

1013 941 1111 970 acrius

1012 1099 1128 1128 quoque

1013 1139 1047 1169 fit
1062 1139 1113 1178 qui

1013 1189 1153 1229 vultuque

1014 1240 1108 1270 caelidi

1013 1290 1094 1319 aeria

1013 1339 1093 1369 deest

1013 1389 1180 1420 effervescit

1014 1438 1175 1479 plerunque

1013 1489 1078 1523 Que

1014 1540 1134 1568 membri

1013 1589 1141 1618 existere

1013 1638 1109 1667 minus

1014 1698 1160 1726 nunquam

1013 1738 1106 1777 parcit

1016 1787 1155 1818 Fumidas

1013 1838 1167 1868 effundens

1014 1898 1098 1917 caecae

1013 1937 1120 1977 gelidis

1014 1987 1131 2026 vaporis

1016 2037 1098 2066 Inter

1014 2092 1155 2126 utrasque

1015 2137 1089 2166 sitas

1014 2196 1158 2225 scvosque

1013 2235 1147 2265 doctrina

1015 2285 1134 2315 Natura

1013 2335 1103 2364 animi

1012 2385 1203 2424 putandumst

1012 2435 1138 2469 Quando

1012 2486 1089 2515 acris

1011 2540 1138 2566 terretur

1011 2585 1136 2624 quedam

1009 2645 1085 2674 equo

1011 2694 1130 2714 necesse
1143 2688 1190 2713 est

1010 2744 1152 2773 sequaces

1010 2794 1131 2824 nequaeo

1010 2835 1065 2864 hec

1010 2884 1076 2914 vide

1356 435 1469 456 ALDUS.

1342 558 1479 591 Venetiis.

1370 654 1383 679 1
1389 655 1451 681 500.

1293 742 1374 772 calor

1294 792 1383 822 sumit

1296 842 1369 870 Cum

1295 890 1434 921 fervescit

1296 941 1412 970 acribus

1295 999 1355 1028 qua

1295 1038 1375 1068 deest

1295 1101 1411 1130 quoque

1296 1140 1346 1179 qui
1359 1140 1394 1170 fit

1296 1191 1437 1230 vultuque

1295 1241 1384 1271 calidi

1295 1291 1376 1320 acria

1296 1352 1377 1370 mens

1295 1390 1460 1420 effervescit

1296 1441 1457 1480 plerunque

1295 1491 1372 1526 Quae

1295 1541 1431 1571 membris

1294 1590 1425 1620 existere

1298 1639 1385 1669 nimis

1297 1700 1423 1729 unquam

1295 1740 1388 1779 percit

1297 1789 1421 1819 Fumida

1293 1839 1464 1868 suffundens

1295 1898 1383 1918 caecae

1294 1938 1385 1977 gelidi

1296 1988 1413 2027 pavoris

1299 2037 1382 2067 Inter

1298 2092 1437 2127 utrosque

1295 2137 1384 2167 sitast

1296 2197 1447 2225 saevosque

1295 2236 1438 2265 doctrima

1296 2290 1402 2315 natura

1295 2336 1385 2365 animi

1294 2386 1485 2426 putandumst

1294 2435 1372 2470 Quin

1293 2487 1387 2516 aereis

1292 2540 1423 2565 tentetur

1292 2585 1425 2624 quaedam

1293 2645 1380 2675 aequo

1293 2690 1443 2716 necessest

1293 2747 1435 2775 sequaces

1294 2795 1407 2824 nequeo

1584 384 1624 403 Ex
1637 384 1801 405 TYPOGRA-

1558 437 1633 457 PfllA
1651 438 1832 460 socm'rAns

1598 493 1792 514 BHONTINAE.

1627 565 1761 606 Biponti.

1657 661 1737 690 1782.

1577 737 1657 765 calor

1577 785 1668 815 sumit

1578 836 1652 864 Cum

1578 885 1711 916 serviscit

1578 935 1695 965 acribus

1578 985 1653 1020 Quae

1580 1036 1608 1065 in

1578 1097 1694 1126 quoque

1579 1138 1629 1177 qui
1641 1137 1677 1168 fit

1578 1187 1718 1228 voltuque

1580 1237 1668 1267 calidi

1579 1287 1660 1317 acria

1578 1347 1660 1367 mens

1578 1386 1737 1417 efferviscit

1578 1437 1747 1477 plerumque

1578 1486 1652 1520 Quae

1578 1537 1714 1566 membris

1578 1585 1723 1615 exsistere

1578 1636 1664 1666 nimis

1577 1696 1704 1725 unquam

1578 1736 1672 1775 percit

1579 1784 1602 1813 F
1607 1785 1704 1815 umida

1576 1835 1747 1866 suffundens

1578 1895 1666 1915 caecae

1577 1934 1668 1973 gelidi

1578 1984 1696 2023 pavoris

1580 2033 1661 2063 lnter

1577 2088 1716 2122 utrosque

1576 2133 1677 2163 sita'st

1577 2194 1732 2224 saevosque

1576 2234 1710 2264 doctrina

1578 2284 1704 2314 Naturae

1577 2335 1681 2364 animae

1578 2384 1780 2424 putandum'st

1576 2435 1656 2469 Quin

1575 2484 1670 2514 aereis

1574 2539 1706 2565 tentetur

1574 2584 1710 2623 quaedam

1574 2644 1659 2674 aequo

1575 2683 1737 2713 necesse'st

1576 2732 1728 2772 sequaceis

1576 2793 1688 2822 nequeo

1577 2834 1641 2863 haec

1577 2883 1676 2913 videor
