1967 3314
329 282 424 324 302
603 269 1054 320 VARIANTES
1100 263 1535 315 LECTIONES

716 449 837 470 PAULus
851 448 987 469 rmnzx-
1006 446 1201 468 Tutononus
1216 446 1257 466 DE
1592 423 1633 443 Ex
1644 422 1807 443 TYPOGRA·

468 483 667 505 rmunmus.
785 501 921 522 VEB-GER-
1020 500 1256 522 EAGAzONIBUS.
1368 477 1484 499 Annus.
1564 477 1642 498 nim
1658 476 1822 497 socunxn

1606 531 1799 551 BlPONTluAE.

519 608 645 639 Brixiae.
794 606 923 637 Verane.
1070 603 1207 633 venetiis.
1354 601 1491 632 venetiis.
1557 586 1564 662 Ι
1635 603 1768 644 Btponfi,

392 677 401 686 ·
470 698 543 728 Sine
555 699 656 728 Anno.
816 697 898 727 1486.
1098 697 1180 727 1495.
1382 694 1463 720 1500.
1661 697 1745 726 1782,

457 787 711 827 Volvivagamque
739 783 833 823 Volgi
845 792 981 822 vagaque
1022 783 1116 823 Volgi
1129 794 1263 823 vagaque
1305 781 1533 822 volgivagaque
1587 782 1816 823 Volgivagaque

460 846 554 877 vag-us
739 841 842 872 vageffl
1022 833 1124 874 vag-eis
1304 841 1399 871 vagus
1586 842 1681 872 vagus

460 890 542 915 caret
554 885 581 915 is
739 881 847 912 caretis
1023 882 1130 912 caretis
1305 885 1386 910 caret
1399 880 1425 909 is
1587 885 1669 911 caret
1681 881 1708 911 is

460 935 538 964 vitat
740 932 809 962 vitae
1024 931 1095 961 vitae
1306 930 1383 959 vitat
1589 931 1665 960 vitat

460 992 528 1022 quae
740 991 798 1021 que
1025 989 1082 1017 que
1307 988 1372 1017 quae
1588 989 1657 1020 quae

460 1041 546 1070 poena
740 1040 817 1070 pena
1024 1038 1101 1068 pena
1307 1036 1395 1066 poena
1589 1039 1673 1069 poena

460 1079 541 1109 dces!
741 1079 821 1109 deest
1024 1076 1105 1106 deest
1307 1080 1339 1106 et
1589 1084 1621 1109 et

460 1140 534 1171 pura
545 1132 594 1160 est
742 1131 847 1169 purast
1024 1131 1127 1167 putast
1308 1130 1413 1166 purast
1591 1138 1664 1168 pura
1682 1132 1730 1158 est

460 1181 590 1210 incertus
743 1178 873 1208 incertus
1025 1177 1155 1208 incertus
1309 1175 1429 1206 incertis
1591 1178 1712 1209 incertis

461 1233 543 1260 arcte
743 1231 808 1257 arte
1026 1231 1091 1257 arte
1309 1230 1406 1256 autem
1591 1231 1673 1257 arcte

461 1279 566 1309 dentes
743 1276 848 1306 dentes
1026 1277 1130 1307 dentes
1309 1277 1413 1306 dentes
1591 1276 1706 1306 denteis

461 1328 579 1359 illidunt
744 1326 870 1355 inlidunt
1027 1327 1153 1357 inlidunt
1310 1325 1435 1355 inlidunt
1593 1324 1718 1354 inlidunt

462 1376 596 1416 affligunt
743 1374 878 1414 affligunt
1026 1376 1161 1416 afflig-unt
1310 1374 1443 1414 affligunt
1591 1373 1726 1414 adfigunt

463 1424 575 1455 stimuli
744 1423 832 1454 simili
1027 1424 1115 1456 simili
1310 1423 1420 1453 stimuli
1593 1422 1703 1452 stimuli

464 1476 561 1506 ledere
743 1472 842 1502 ledere
1029 1474 1127 1504 ledere
1311 1473 1416 1503 laedere
1593 1472 1702 1502 laedere

464 1526 665 1565 Quodcunque
745 1523 926 1562 Quocunque
1029 1525 1209 1563 Quocunque
1311 1523 1510 1562 Quodcunque
1593 1522 1794 1562 Quodcunque

464 1575 508 1605 illi
745 1571 795 1601 ille
1028 1572 1078 1603 ille
1312 1573 1355 1601 illi
1593 1572 1654 1601 illoe

465 1625 528 1654 haec
746 1621 810 1651 haeo
1029 1623 1095 1652 haec
1312 1622 1378 1650 haec
1594 1621 1673 1650 decet

465 1683 567 1714 poenas
746 1680 849 1710 paenas
1029 1681 1129 1710 paenas
1313 1680 1414 1710 poenas
1594 1680 1696 1711 poenas

466 1722 597 1753 admixta
746 1720 878 1750 admixta
885 1721 888 1730 '
1030 1719 1161 1750 admixta
1313 1721 1445 1751 admixta
1594 1720 1722 1750 admista

468 1771 597 1811 Nanque
748 1769 887 1809 Namque
1031 1769 1169 1809 Namque
1315 1770 1445 1810 Nanque
1596 1770 1734 1810 Namque

468 1821 545 1851 unde
557 1825 605 1851 ost
747 1820 824 1850 unde
837 1824 885 1850 est
1031 1820 1108 1849 unde
1122 1823 1170 1849 est
1314 1821 1421 1850 undest
1595 1819 1713 1850 unde'st

468 1871 613 1901 flammam
746 1871 862 1900 flamam
1031 1869 1176 1899 flammam
1315 1870 1459 1900 flammam
1595 1869 1739 1899 flammam

468 1926 562 1951 totum
748 1925 844 1950 totum
1031 1924 1126 1949 totum
1314 1927 1408 1951 totum
1597 1929 1693 1948 coram

468 1970 638 2010 cujusquam
749 1970 831 2010 cujus
845 1979 931 2009 quam
1031 1969 1114 2008 cujus
1123 1978 1209 2007 quam
1315 1981 1374 2010 quo
1385 1970 1480 2011 pluria
1595 1968 1700 2007 quoius
1712 1977 1800 2008 quam

469 2019 595 2059 plurima
748 2019 873 2058 plurima
1030 2017 1156 2058 plurima
1317 2020 1411 2060 pluria
1596 2018 1692 2058 pluria

468 2069 589 2108 diraque
749 2068 813 2097 dira
1031 2067 1096 2097 dira
1316 2069 1378 2099 dira
1597 2069 1663 2098 dira

469 2118 604 2158 cupidine
751 2117 884 2157 cupidine
1033 2118 1168 2157 cupidine
1316 2119 1457 2159 cupediae
1597 2117 1760 2158 cuppedine

470 2168 508 2197 ab
521 2167 646 2198 sumitur
752 2167 914 2197 absumitur
1034 2167 1196 2196 absumitur
1315 2169 1479 2198 adsumitur
1597 2167 1761 2197 adsumitur

471 2216 545 2251 Quae
751 2216 818 2251 Que
1034 2217 1100 2250 Que
1315 2219 1391 2252 Qua:
1596 2218 1673 2252 Quae

470 2266 604 2296 obsidere
751 2266 885 2296 absidem
1034 2266 1169 2296 absidere
1316 2267 1449 2297 obsidere
1597 2267 1732 2296 obsidere

471 2320 572 2356 partes
753 2320 853 2356 partes
1035 2321 1134 2356 partes
1318 2317 1429 2358 parteis
1598 2316 1710 2356 parteis

473 2366 522 2395 Ex
755 2365 797 2395 Et
1037 2367 1079 2397 Et
1319 2368 1368 2397 Ex
1601 2366 1648 2395 Ex

473 2414 528 2444 Nil
757 2415 843 2445 Nihil
1037 2417 1123 2446 Nihil
1320 2415 1374 2445 Nil
1600 2415 1654 2445 Nil

473 2464 628 2495 simulacra
754 2464 931 2494 simulachra
1035 2466 1213 2497 simulachra
1317 2466 1474 2496 simulacra
1598 2464 1753 2495 simulacra

473 2525 561 2554 quam
754 2524 841 2553 quam
1036 2527 1123 2555 quam
1319 2527 1384 2556 quae
1600 2525 1666 2553 quae

474 2569 574 2605 raptat
754 2568 855 2603 raptas
1035 2571 1136 2605 raptas
1319 2572 1418 2606 raptat
1600 2567 1700 2603 raptat

473 2614 604 2645 missella
754 2613 868 2644 misella
1037 2615 1149 2645 misella
1319 2615 1433 2645 misella
1599 2611 1714 2642 misella

474 2675 540 2694 cum
755 2673 824 2702 qum
1036 2675 1105 2704 qum
1318 2664 1369 2704 qui
1599 2671 1687 2702 quom

475 2718 505 2743 et
755 2717 789 2742 ut
1037 2719 1071 2744 ut
1318 2720 1351 2745 et
1599 2716 1630 2740 et

475 2762 525 2800 qui
757 2763 807 2802 qui
1037 2764 1087 2803 qui
1319 2763 1371 2803 qui
1599 2761 1629 2789 in

475 2811 602 2841 menbris
757 2810 893 2841 membris
1037 2813 1174 2843 membris
1318 2812 1455 2842 membris
1598 2809 1735 2839 membris

476 2859 609 2899 tinguere
755 2861 870 2901 tingere
1036 2862 1152 2902 tingere
1320 2861 1470 2900 stinguere
1599 2859 1750 2899 stinguere

474 2908 592 2940 lau'cum
757 2909 899 2941 latichum
1038 2909 1179 2942 latichum
1320 2910 1439 2943 laticum
1602 2907 1722 2939 laticum
