1967 3314
99 746 195 757 ...ι--

118 784 176 810 255

117 831 176 860 256

117 981 175 1011 257

117 1032 175 1058 258

116 1081 175 1110 259

116 1178 175 1206 260

115 1277 174 1305 264

114 1326 172 1354 265

113 1374 171 1402 266

113 1473 170 1505 267

112 1626 171 1655 270

112 1675 167 1704 271

112 1726 170 1754 272

112 1824 170 1853 274

112 1873 169 1902 275

110 1970 168 2001 276

109 2070 168 2100 277

109 2120 167 2149 278

109 2219 166 2248 279

109 2369 167 2395 280

108 2418 164 2444 281

106 2566 165 2592 282

105 2665 164 2691 283

106 2714 164 2740 284

106 2762 164 2791 286

152 2808 250 2838 -ab

107 2862 165 2893 287

107 2911 164 2938 288

242 472 443 497 FERRANDUS.

207 569 479 578 ρ*

273 597 399 627 Brixioe.

243 687 317 716 Sine
330 688 427 717 Anno.

222 775 293 806 defit

222 825 393 867 Diffugiunt

222 875 332 906 culmas

221 925 314 954 omnis

221 974 306 1013 quasi
318 974 348 1003 in
361 985 473 1004 summo

220 1023 257 1052 ob
270 1033 331 1053 rem

219 1084 252 1104 se

221 1123 314 1153 mixta

220 1172 345 1212 Compta

220 1221 375 1251 habentem

219 1270 364 1299 secernier

218 1320 319 1359 spacio

217 1369 309 1398 multa
321 1371 385 1410 ejus

216 1423 321 1448 extant

216 1469 319 1508 quovis

218 1519 312 1549 visere

216 1568 306 1609 vulgo

216 1628 294 1647 caeca

218 1667 320 1696 Mixta

216 1715 306 1745 vitam

215 1765 282 1794 ollis

216 1815 271 1843 hec

216 1864 370 1903 quicquam
384 1870 431 1896 est

215 1962 312 1992 anima
325 1969 372 1994 est

214 2023 267 2052 pro
281 2024 368 2053 porro

214 2062 294 2092 deest

215 2111 317 2141 Mixta

212 2161 326 2192 animus

215 2212 241 2241 E

211 2264 381 2303 corporibus

211 2318 311 2343 creata
323 2319 371 2344 est

213 2361 279 2390 haec

213 2408 287 2439 latet

212 2459 316 2489 animae

211 2509 294 2548 quasi

213 2558 271 2587 Pro
284 2569 370 2598 porro
384 2564 431 2590 est

212 2607 378 2637 dominatur

212 2667 332 2686 necesse
344 2663 392 2687 est

211 2707 369 2737 commixta

211 2758 351 2798 quiddam

210 2867 399 2897 seorsumque

210 2909 393 2949 deductaque

604 258 822 310 LIBRI
861 256 1150 309 TERTII.

489 441 549 461 PAU
555 441 611 461 Lus
626 442 761 462 FRIDEN-

560 494 697 516 PERGER.

488 570 763 577 ——.—-—.

560 597 690 629 Veronae.

580 691 661 719 1486.
759 670 765 744 Ι

502 776 574 806 defit

503 826 671 867 Diffugiunt

501 874 615 906 culmas

502 925 595 954 omnis

501 974 531 1003 in
544 985 657 1004 summo

502 1024 601 1054 obrem

501 1084 568 1103 sese

502 1123 595 1153 mixta

502 1173 626 1212 Compta

501 1222 655 1250 habentem

501 1274 633 1300 sternere

503 1321 601 1359 spatio

501 1369 592 1399 multa
605 1371 668 1410 ejus

501 1422 604 1447 extant

500 1479 558 1507 quo
570 1468 616 1499 vis

500 1519 595 1548 visere

500 1569 589 1609 vulgo

503 1628 574 1647 ceca

501 1666 602 1696 Mixta

499 1715 620 1745 invitam

498 1766 557 1795 illis

499 1815 561 1844 haec

498 1864 654 1904 quicquam
677 1864 750 1894 infra

537 1913 692 1952 quicquam
705 1919 749 1944 cst

498 1963 594 1993 anima
607 1968 654 1993 est

497 2024 550 2053 pro
563 2024 649 2053 porro

497 2062 577 2092 deest

499 2112 601 2142 Mixta

496 2163 610 2193 animus

498 2213 523 2241 E

496 2262 667 2302 corporibus

496 2316 626 2341 creatast

497 2362 559 2390 haec

497 2410 557 2440 late

497 2460 599 2489 animae

497 2509 582 2546 quasi

499 2558 558 2587 Pro
572 2562 688 2598 porrost

497 2608 689 2638 comminatur

496 2662 647 2688 necessest

495 2707 653 2737 commixta

492 2869 622 2888 seorsum

491 2909 675 2949 deductaque

764 407 768 426 Ι

784 443 974 462 THEODORUS
989 442 1029 462 DE

789 496 1022 517 RAGAZONIBUS.

761 577 768 655 Ι
843 598 979 628 Venetiis.

865 690 946 719 1495.

784 775 856 805 defit

785 825 957 866 Diffugient

783 874 894 905 culmas

783 924 877 954 omnis

783 973 813 1002 in
827 984 928 1004 somno
941 975 1026 1014 quasi

783 1023 880 1052 obrem

783 1082 849 1102 sese

784 1122 877 1151 mixta

784 1170 909 1210 Compta

784 1219 940 1250 habentem

783 1273 915 1299 sternere

783 1319 881 1358 spatio

782 1367 874 1396 multa
888 1368 952 1408 ejus

781 1422 885 1446 extant

781 1478 839 1506 quo
854 1467 898 1497 vis

782 1516 877 1546 visere

781 1566 869 1606 vulgo

780 1627 850 1646 ceca

783 1666 885 1696 Mixta

781 1715 903 1744 invitam

780 1763 838 1793 illis

781 1814 837 1842 hec

779 1863 934 1902 quicquam
959 1863 1033 1894 infra

817 1914 973 1953 quicquam
987 1920 1031 1944 est

780 1962 877 1991 anima
888 1966 936 1992 est

779 2021 831 2050 pro
844 2022 930 2050 porro

779 2060 809 2089 in

780 2110 882 2140 Mixta

779 2161 894 2190 animus

781 2211 807 2239 E

780 2259 949 2300 corporibus

780 2313 911 2339 creatast

780 2359 835 2389 hec

780 2407 840 2437 late

781 2457 885 2486 animae

781 2507 867 2546 quasi

783 2556 842 2586 Pro
855 2562 971 2596 porrost

780 2607 972 2638 comminatur

780 2662 931 2688 necessest

779 2709 937 2739 commixta

778 2869 910 2888 seorsum

777 2908 961 2948 deductaque

1131 473 1244 494 ALDus.

1120 595 1257 626 Venetiis.

1150 688 1162 712 l
1167 688 1230 714 500.

1070 774 1142 804 defit

1070 823 1240 864 Diffugiant

1069 873 1169 904 caulas

1067 924 1179 953 omneis

1067 1023 1104 1052 ob
1117 1034 1178 1053 rem

1066 1083 1132 1103 sese

1065 1123 1155 1153 mista

1065 1178 1183 1213 compta

1064 1228 1200 1253 aventem

1066 1272 1214 1302 secernier

1065 1322 1163 1360 spatio

1065 1370 1158 1400 multa
1169 1371 1234 1410 ejus

1066 1425 1170 1450 extant

1066 1471 1171 1511 quovis

1068 1521 1179 1551 viscere

1066 1570 1154 1610 volgo

1065 1629 1143 1648 caeca

1066 1668 1164 1698 Mista

1063 1717 1168 1747 initum

1064 1766 1130 1796 illos

1064 1815 1131 1846 haee

1063 1867 1229 1906 cuiquamst

1063 1965 1191 1997 animast

1064 2026 1204 2056 proporro

1064 2065 1145 2094 deest

1066 2114 1166 2144 Mista

1064 2163 1154 2192 animi
1168 2163 1212 2193 vis

1063 2213 1144 2243 deest

1064 2264 1233 2304 corporibus

1063 2319 1195 2344 creatast

1065 2365 1127 2394 haec

1064 2413 1138 2443 latet

1064 2462 1167 2492 animae

1064 2512 1149 2550 quasi

1064 2565 1233 2600 proporrost

1065 2609 1230 2640 dominatur

1065 2664 1215 2689 necessest

1065 2708 1218 2738 commista

1065 2759 1203 2798 quiddam

1065 2809 1102 2838 ab

1062 2908 1240 2949 diductaque

1068 974 1097 1002 in
1111 984 1223 1004 summo
1236 975 1321 1015 quasi

1064 2869 1253 2899 seorsumque

1330 471 1416 490 =1¹H1A
1432 471 1610 492 SOCIETATIS

769 566 1604 579 *ψῃ-*ἣ

1328 580 1334 649 Ι

1328 668 1334 740 Ι

1523 263 1615 306 239

1364 417 1407 436 EX
1418 417 1582 438 TYPOGRA-

1379 525 1573 546 BlPONTtNAE.

1406 596 1542 638 Bz'ponti.

1432 690 1445 715 l
1451 689 1516 719 782.

1351 775 1430 805 desit

1351 824 1520 865 Diffugiant

1350 875 1451 905 caulas

1349 925 1461 955 omneis

1349 975 1379 1004 in
1392 985 1505 1005 summo
1521 975 1604 1015 quasi

1348 1025 1385 1054 ob
1403 1035 1465 1055 rem

1347 1086 1414 1105 sese

1349 1125 1438 1155 mista

1348 1179 1445 1204 comta

1348 1228 1482 1254 aventem

1347 1273 1495 1302 secernier

1347 1321 1446 1360 spatio

1347 1369 1450 1399 multae
1462 1370 1507 1399 vis

1347 1423 1469 1450 exstant

1347 1468 1451 1507 quovis

1346 1517 1460 1547 viscere

1347 1567 1435 1607 volgo

1346 1627 1425 1646 caeca

1348 1666 1383 1694 M
1389 1666 1447 1695 ista

1347 1714 1462 1744 initium

1346 1765 1412 1794 ollis

1347 1814 1410 1843 haec

1347 1864 1507 1904 quidquam
1520 1869 1567 1896 est

1346 1963 1484 1994 anima'st

1345 2023 1485 2053 proporro

1345 2062 1426 2092 deest

1347 2112 1446 2143 Mista

1345 2163 1436 2193 animi
1450 2162 1495 2193 vis

1345 2212 1426 2241 deest

1347 2261 1510 2302 Coporibus

1346 2311 1488 2342 creata'st

1347 2362 1409 2390 haec

1347 2410 1422 2440 latet

1345 2459 1455 2489 anima'i

1345 2509 1425 2538 deest

1347 2559 1534 2599 Proporro'st

1345 2609 1511 2639 dominatur

1346 2659 1509 2689 necesse’st

1346 2710 1500 2739 commista

1345 2869 1535 2898 SeOTSumque

1346 2909 1525 2948 diductaque
