1967 3314
596 248 810 297 LIBRI
855 247 1146 297 TERTII.
1529 258 1622 304 257

1367 408 1409 428 Ex
1418 409 1582 431 TYPOGRA-

486 429 608 450 PAULUS
621 430 758 451 FRIDEN·
781 430 972 451 THEononus
989 431 1030 451 DE

552 484 689 505 PERGER.
788 484 1022 505 EAG-Azoxnws.

239 460 440 482 FERRANDUS.
1357 461 1417 482 um
1434 462 1613 485 socIE'rATIS

1379 516 1572 536 BIPONTINAE.

270 582 401 613 Brixiae.
559 585 692 616 Veronae.
737 587 742 589 “
838 585 978 616 Venetiis.
1123 585 1152 613 V
1149 586 1260 617 enetiis.
1392 603 1396 606 -
1407 585 1542 625 Biponti.

245 671 319 701 Sim
330 673 429 704 Anno.
580 677 661 706 1486.
865 677 949 706 1495·
1150 682 1232 709 1500.
1433 678 1517 707 1782-

220 763 375 804 quicquam
503 767 658 806 quicquam
786 762 942 802 quicquam
1071 766 1228 806 quicquam
1355 763 1515 803 quidquam

220 822 287 842 cum
503 827 572 856 qum
787 823 857 852 qum
1071 826 1137 845 cum
1355 812 1407 852 qui

221 866 283 892 tum
501 870 564 896 tam
786 868 848 893 tam
1070 869 1133 894 tum
1354 866 1417 892 tum

221 913 296 942 caelo
503 915 575 945 caelo
788 913 860 943 caelo
1071 913 1146 943 caelo
1355 912 1429 941 coelo

222 962 378 993 Distracta
391 968 439 994 est
505 964 692 997 Distractast
788 962 975 993 Distractast
1071 963 1246 995 distractast
1303 965 1308 968 ’
1357 962 1555 994 Distracta'st
1604 968 1608 974 ’

220 1017 270 1051 est⁴
503 1018 551 1044 est
787 1016 836 1042 est
1072 1018 1119 1043 est
1356 1012 1412 1042 hoc

221 1064 291 1103 quin
504 1064 585 1094 deest
787 1060 867 1091 deest
1072 1063 1123 1102 q'ui
1355 1062 1407 1102 qui

220 1118 338 1153 comptu
504 1119 623 1154 comptu
787 1115 906 1151 comptu
1071 1118 1191 1154 comptu
1356 1116 1434 1141 coetu

218 1168 293 1193 aetas
503 1168 587 1194 actas
787 1164 861 1190 aetas
1067 1173 1177 1193 versus
1190 1163 1270 1194 deest
1355 1165 1428 1190 aetas

218 1223 334 1243 rursum
350 1223 418 1253 quae
498 1224 616 1243 rursum
630 1225 695 1253 quae
786 1221 901 1240 rursum
914 1221 979 1250 quae
1071 1223 1244 1253 rursumque
1357 1220 1530 1249 rursumque

218 1262 372 1293 Pertineat
504 1262 667 1293 Pertimeat
789 1259 952 1290 Pertimeat
1072 1262 1228 1292 Pertineat
1358 1258 1512 1289 Pertineat

216 1311 373 1351 quicquam
501 1311 659 1351 quicquam
787 1310 944 1349 quicquam
1070 1312 1227 1351 quicquam
1355 1307 1514 1347 quidquam

215 1361 350 1401 repentia
501 1362 634 1399 repentia
785 1359 920 1399 repentia
1069 1361 1229 1391 retinentia
1356 1356 1523 1396 repetentia

215 1411 324 1441 nostris
501 1410 610 1441 nostris
784 1410 893 1440 nostris
1068 1410 1153 1440 nobis
1354 1411 1456 1435 nostra

1354 1455 1395 1484 nil

1070 1520 1124 1539 nec
1353 1515 1407 1534 nec

1069 1559 1160 1589 afficit
1355 1554 1446 1584 afficit

1063 1609 1146 1643 Quos
1157 1609 1194 1638 de
1204 1610 1326 1640 materia
1349 1605 1431 1639 QUOS
1442 1604 1478 1633 de
1488 1603 1613 1634 materia

1104 1663 1207 1687 nostra
1251 1669 1325 1688 nova
1387 1658 1488 1684 nostra
1536 1664 1613 1683 nova

785 1458 859 1488 nihil

783 1508 865 1538 deest

784 1557 879 1598 affigit

783 1617 890 1637 versus
903 1607 982 1637 deest

500 1459 575 1489 nihil

500 1509 581 1539 deest

500 1559 596 1600 affigit

500 1618 605 1638 versus
619 1607 699 1639 deest

214 1461 289 1491 nihil
1069 1459 1110 1489 nil

215 1510 295 1540 deest

217 1559 312 1600 affigit

217 1618 323 1638 versus
335 1608 416 1639 deest

1100 1709 1229 1748 proferet
1239 1714 1324 1740 aetas.
1387 1703 1517 1744 proferet
1527 1708 1610 1734 aetas.

217 1767 283 1786 cum
500 1768 569 1796 qum
785 1766 855 1794 qum
1069 1768 1135 1787 cum
1354 1765 1419 1784 cum

216 1807 374 1837 adcredere
500 1808 537 1837 ad
551 1808 671 1837 credere
783 1805 820 1834 ad
834 1804 953 1835 credere
1069 1807 1226 1837 adcredere
1354 1804 1511 1835 adcredere

217 1856 429 1896 reprehendere
498 1858 712 1898 reprehendere
783 1855 996 1894 reprehendere
1068 1857 1281 1896 reprehendere
1352 1856 1532 1895 deprendere

209 1906 295 1945 jacta
309 1910 357 1936 est
492 1907 607 1946 jectast
777 1906 892 1945 jectast
1063 1907 1176 1946 jectast
1347 1905 1474 1944 jecta'st

215 1956 289 1984 vitai
498 1956 567 1985 vitae
783 1954 852 1984 vitae
1013 1962 1016 1963 ’
1067 1956 1140 1985 vitai
1352 1954 1424 1984 vitai

214 2015 348 2045 vageque
498 2016 633 2046 vageque
782 2015 916 2045 vageque
1067 2016 1209 2045 vagaeque
1352 2014 1486 2044 vageque

215 2055 400 2085 Deerrarunt
499 2056 683 2086 Deerrarunt
783 2055 831 2084 De
844 2059 931 2085 erunt
1068 2056 1252 2085 Deerrarunt
1353 2054 1538 2084 Deerrarunt

212 2104 301 2134 miser
314 2109 362 2135 est
495 2105 584 2135 miser
596 2109 644 2135 est
779 2104 869 2134 miser
881 2109 929 2134 est
1066 2105 1156 2134 miser
1164 2109 1196 2135 et
1352 2103 1457 2132 misere

213 2153 293 2183 deest
455 2163 459 2166 ·
496 2154 576 2184 deest
780 2154 861 2184 deest
1065 2154 1146 2193 quist
1350 2151 1419 2191 quoi

212 2214 350 2244 egraeque
495 2216 632 2245 aegreque
780 2215 935 2244 aegereque
1066 2213 1206 2244 aegreque
1350 2212 1486 2242 aegreque

212 2253 343 2283 futurum
355 2258 404 2284 est
494 2255 656 2286 futurumst
778 2253 940 2283 futurumst
1065 2252 1182 2282 futurus
1350 2251 1523 2281 futurum'st

212 2313 278 2332 cum
495 2316 561 2335 cum
1065 2312 1131 2331 cum
1351 2306 1414 2330 tum

213 2351 261 2380 cui
495 2354 543 2383 cui
1103 2352 1111 2358 ⁰
1354 2361 1420 2379 cum

214 2399 244 2428 id
497 2403 504 2408 ”
1350 2405 1383 2429 at

211 2459 279 2479 mox
1349 2460 1430 2479 mors

211 2509 278 2529 esse
1352 2499 1390 2528 im

211 2548 341 2588 prohibe}
497 2549 618 2589 prohibe
632 2549 700 2578 inde
781 2551 848 2580 inde
1066 2548 1187 2590 perinde
1352 2549 1547 2589 prohibetque

210 2599 362 2630 incomoda
497 2599 679 2628 incommoda
767 2603 771 2606 ’
781 2600 964 2630 incommoda
1065 2599 1248 2632 incommoda
1350 2599 1534 2629 incommoda

209 2649 357 2679 concibari
496 2647 647 2678 conciliari
781 2649 931 2679 conciliari
1066 2648 1216 2679 conciliari
1352 2649 1504 2679 conciliari

498 2698 564 2727 Hec
782 2699 849 2729 Nec
1069 2699 1143 2728 Haee
1344 2699 1432 2728 'Haec

493 2748 576 2777 deest
781 2749 862 2778 deest
1067 2748 1148 2777 deest
1351 2749 1381 2778 in

495 2798 575 2828 deest
781 2798 861 2828 deest
1066 2802 1097 2827 et
1349 2804 1381 2828 et

494 2860 570 2878 nunc
781 2858 857 2877 nunc
1065 2858 1141 2877 nunc
1349 2859 1426 2878 nunc

496 2898 568 2929 nihi}
782 2897 856 2927 nihil
1066 2896 1106 2926 ull
1349 2898 1424 2928 nihil

210 2950 296 2982 Vos..
318 2950 379 2982 IV.
783 2949 817 2979 K
832 2948 853 2978 k
